5159 8226
2844 552 1112 256 Lassaut de la char

1408 1060 1551 247 fu pendu et lautre resta-

1413 1261 1582 210 bli en son office. Selonc

1408 1471 1642 242 ce mesme que dit le sage

1404 1681 1550 238 ou liure de ecclesiastes.

1358 1843 1688 323 De carcere cathenis qz int̾

1390 2115 1614 229 dum quis egreditur ad

1413 2321 1582 229 regnum. ⁊ c̃. Tout ainsi

1408 2499 1660 224 est il des ames qui issent

1408 2687 1651 256 par mi la mort de la char-

1404 2906 1614 224 tre du corps quar aucu-

1404 3093 1632 238 nes sont a mort pardura-

1408 3299 1642 261 ble condempnees. Les au-

1404 3514 1619 205 tres en gloire et honeur

1408 3669 1628 288 ꝑdurable esleuees. ¶En

1404 3930 1669 214 raconte. que il fu une no-

1404 4099 1642 237 ble dame iuene belle riche

1404 4295 1664 247 piteuse. deuote et de bonnes

1404 4501 1642 247 euures pleĩne. La quele de

1394 4711 1670 238 la uolente nostre seigneur

1394 4908 1606 224 fu ferue de meselerie tres

1399 5077 1633 260 horrible. La quele mala-

1404 5305 1623 233 die si paciẽment portoit

1399 5479 1628 228 et si ioieusement que il

1399 5680 1619 315 sembloit quelle se glori-

3384 1078 1569 238 fiast auec. Saint pol en ses

3379 1261 1542 251 maladies. Auint que un

3370 1471 1528 242 esuesques oie la renõmee

3366 1681 1559 229 de sa bonte la uint uisiter

3430 1878 1516 240 de tel maladie si entachee

3379 2074 1555 220 et en leidie. en soy merueil-

3384 2303 1550 201 lant du diuin iugement

3379 2490 1560 238 par grant compassion prist

3384 2696 1528 237 a plorer. Et la dicte dame

3384 2879 1477 260 a rire et soy esleecier. Et

3379 3080 1519 242 quant elle uit lesuesque

3370 3299 1542 224 plorant se li demanda la

3361 3473 1537 269 cause de son pleur Respõ-

3384 3683 1564 251 di leuesque. que cestoit par

3379 3875 1487 269 pitie et par compassion.

3375 4076 1518 260 et leurs li demanda pour

3366 4286 1491 247 quoy elle auoit ris. Et

3352 4492 1518 228 elle li respondi en tel ma-

3357 4675 1550 269 niere. Sire dit la dame se

3361 4880 1569 210 uous esties enclos en une

3343 5072 1591 279 chartre de la quele uous ne

3375 5264 1532 274 porries iamais issir iusq̃s

3375 5479 1537 228 a tant que les murs che-

3375 5680 1550 297 issent du tout en tout vouᷤ

3162 1823 206 384 vit

644 1843 515 261 .c.iiii.

644 3820 517 270 exemple
