5375 8202
346 1066 1591 218 se il ne de doctrine. Et tu ne

346 1248 1582 237 sez dit diex a cel euesque et

351 1462 1545 242 a ceus qui sont desont de

346 1658 1618 237 sa condicion tu ne sez q̃ tu

337 1863 1541 242 es chetis miserables. tu es

364 2064 1614 246 chetis et poures pour defaut

355 2278 1550 228 de grace.Miserables pour

360 2451 1600 251 la uilte de ta confusion po-

355 2651 1591 237 ures. et senz merites de bon-

364 2857 1559 223 nes euures. nuz quar tu

369 3057 1573 251 es despoilliez de la uesteure

355 3271 1614 242 de toute uertuz. Et auugles

355 3463 1600 250 pour lignorance que tu

389 3629 1553 266 as de ton estat. ¶ Et certeĩ-

360 3854 1600 242 nement pechie qui feit la-

378 4055 1637 251 me si miserable. a dieu hay-

373 4251 1632 260 neuse et tres abhominable

364 4460 1646 228 doit un chacuns souuerein-

364 4656 1619 251 nement hair et fuir Esperi-

355 4857 1673 255 alment princes granz seig-

382 5071 1601 232 neurs et dames Ainsi le

458 5228 1545 287 nous amoneste le sage roy

364 5468 1578 214 salomon en ecclesiastique

355 5632 1619 355 qui dit. Quasi a facie co-

1832 510 447 246 pechie

2265 1020 1705 278 lubri fuge peccatum ⁊ c̾. quar

2265 1234 1673 219 tout ainsi que nous natu-

2279 1453 1605 214 relment auons horreur de

2288 1631 1691 241 la colouure et la fuions pour

2297 1859 1619 214 la doubtance de son uenin.

2293 2050 1568 200 et fuions aussi les lyons

2293 2250 1600 228 pour peeur destre deuore. Et

2293 2465 1632 227 lespee de .ii. parz trenchant et

2279 2624 1678 264 bien amolue et afilee nous

2293 2825 1668 255 la doubtons. tout assi ⁊ plus

2279 3057 1664 223 senz comparoison deuonons

2302 3253 1632 214 nous pechie doubter et hair.

2224 3426 1833 287 ¶Quar se il est ainsi que les

2215 3629 1799 280 paiens et les mescreenz ont

2311 3841 1696 250 pechie hay et fui pour les cau-

2302 4059 1664 219 ses dessus dictes especiaumẽt

2302 4246 1664 242 pour la uilte de lui et la lei-

2302 4433 1650 260 dure. par plus fort les creti-

2320 4656 1632 237 ens du precieus sanc nostre

2302 4839 1714 264 seigneur ihesucrist amoreuse-

2311 5053 1637 250 ment rachate. Et aus quiez

2315 5262 1582 228 diex a feit tant de benefices

2311 5426 1678 274 que nũs ne les porroit nõ-

2306 5636 1673 337 brer. ¶ Et que il soit ueritez

4451 143 705 308 .xvii.

54 5269 335 294 .c.xxi.
