5374 8178
1527 545 1437 204 Lassaut de la char

413 967 1582 323 ¶Ceste poure et chetiue cha-

381 1240 1624 241 roigne. en tant est rebelle

436 1449 1555 241 a lesperit et contraire que

413 1676 1578 223 Saint pol. en lespitre aus

463 1858 1687 241 romains se compleint aus-

450 2062 1514 200 si cõme en plorant et dit

472 2262 1514 241 Scio quia non habitat

422 2462 1573 236 in me. hoc est in carne m̃a

445 2657 1555 246 bonum. et c̾. Ie suis dit il

445 2862 1541 241 certeins. que en ma char

445 3053 1555 250 biens point ne habite. qͣr

436 3257 1637 259 combien. que ie uueille au-

436 3452 1600 264 cunes foiz bien faire Ie ne

431 3661 1633 241 treuue pas en ma char que

436 3852 1537 264 ie le puisse parfeire quar

431 4066 1533 227 ie ne fais pas touz iours

436 4275 1587 222 le bien don iay la uolente.

445 4479 1550 223 mes fais aucune foiz le

436 4638 1609 277 mal que ie refuse et que ie

413 4874 1601 209 ne uueil. Et a la fin il con

404 5029 1669 300 clut. ie uoi dit il une autre

422 5243 1578 268 loy en mes membres con-

422 5447 1551 241 traires et contredisant a

422 5665 1560 282 la loy de ma pensee et de

2391 1054 1669 245 mon esperit. Et qui me meit

2386 1249 1596 209 en la seruitute chetiue de la

2391 1462 1605 241 loy de pechie. qui est en mõ

2396 1671 1618 237 corps et en mes membres.

2373 1862 1682 282 Las dolenz chetif hõme que

2377 2085 1583 241 ie suis et chetiue creature.

2350 2285 1678 250 qui sera celi qui me deliua-

2377 2485 1583 231 ra du corps de ceste mort.

2382 2648 1587 277 ¶Quar a la uerite nostre

2373 2907 1605 214 corps est la chartre de lame

2368 3080 1596 241 selonc ce que dit david en

2323 3280 1750 277 son psautier. Educ de car-

2327 3493 1637 232 cere animam meam. et c̾.

2318 3648 1628 309 ¶ Et enten diligẽment q̃

2100 3893 1928 236 aucunes foiz il auient que

2359 4079 1682 246 de .ii. emprisonnez et enchar-

2327 4293 1669 236 trez. Lun a lissue de la char-

2341 4493 1609 241 tre est a mort mis et con-

2323 4688 1759 250 dempne. Et lautre a honeur

2350 4888 1678 218 est deliure. Si cõme il nous

2336 5079 1701 236 fu montre ou liure de gene-

2350 5315 1619 209 si. du meistre penetier du

2355 5474 1682 218 Roy pharaon et son boteil-

2336 5688 1637 295 lier. Des quiex le premier

4469 181 618 209 .xiii.
