5386 8214
378 1086 1607 251 uueut mal mont de cho-

383 1273 1579 264 ses. ¶Tiex est le pecheeur.

383 1496 1524 228 quar il uueut mont de

374 1688 1620 242 choses a son tres gͣnt mal.

374 1902 1611 224 Et ne desierre pas son biẽ

360 2085 1689 255 ne bien honorable et hone-

387 2295 1680 251 ste. ne profitable. mes son

378 2487 1671 241 grant domage ne biẽ delita-

378 2683 1639 246 ble. selon uerite et existen-

378 2897 1612 224 ce combien que il semble

365 3089 1542 255 estre delitable par dehors

369 3303 1643 233 quant apparence. Et sou-

383 3486 1607 242 uent uueut meĩtes choses

378 3709 1520 188 que acomplir ne puet.

337 3883 1653 278 ¶He diex cõme cest grant

392 4107 1611 246 misere que de pecheeur. qui

401 4303 1602 246 par soy puet cheoir et tre-

397 4494 1588 256 buchier. et quant est de li

401 4709 1579 246 il ne se puet releuer. Il se

401 4919 1520 228 puet ordoier et nõ lauer

397 5097 1625 237 naurer et nõ guerir occir-

410 5293 1602 237 re et tuer et non uiuifier.

374 5485 1602 223 Son mal uouloir et nõ

392 5690 1611 315 mie son bien. Et se il

1816 447 443 324 pechie

2309 1081 1570 214 auient aucune foiz que

2314 1268 1652 265 il uueille. ce que bon li est.

2314 1460 1620 251 nõ pourquant quant est

2295 1665 1612 256 de li il ne puet auoir son

2314 1875 1506 237 bon desir ne acomplir.

2332 2085 1547 251 ¶ De grant uolente le pe-

2137 2272 1796 260 cheeur court a sa mort. Et

2314 2487 1561 237 combien que clerement

2309 2687 1634 247 il uoie. son dampnement

2309 2884 1630 219 toute uoie ne le puet em-

2323 3057 1625 269 peschier. ¶ Donc dit saint

2309 3303 1634 238 bernart puis dit il que ie

2314 3495 1657 246 cõmencie a pechier. onques

2318 3691 1557 247 ne poy un iour passer q̃

2314 3887 1629 233 ie ne pechasse. Et encor

2314 4084 1679 264 ne cesse ie de pechier. Et ain-

2314 4289 1638 251 si de iour en iour ie a iou-

2318 4494 1538 256 ste pechie a pechie. Et les

2309 4700 1602 251 uoi a mes yex senz en a-

2323 4891 1611 224 uoir doleur ie uoi choses

2314 5097 1638 246 tres honteuses. senz auoir

2305 5279 1547 256 doleur ie uoi choses tres

2309 5489 1680 260 honteuses senz auoir hon-

2286 5704 1607 292 te ne uergoigne en moy

4345 200 707 251 .xvi.
