5278 8178
2877.0 463.0 1023.0 334.0 Cognoistre soy

1445.0 1117.0 1569.0 225.0 nant et a reprouer. que le

1452.0 1288.0 1602.0 272.0 prince ait deffaut de cogno-

1452.0 1478.0 1596.0 266.0 issence. ¶Et pour ce lisons

1445.0 1690.0 1596.0 252.0 nous du roy nabugodo-

1445.0 1887.0 1637.0 286.0 nosor. que une des cause̾

1452.0 2112.0 1582.0 266.0 principaus pour quoy il

1432.0 2317.0 1663.0 218.0 fu botez hors de son royau-

1432.0 2501.0 1602.0 238.0 me et mis entre les bestes

1445.0 2719.0 1609.0 238.0 mues. et bestes sauuages

1438.0 2882.0 1623.0 280.0 par lespace de .uii. ans. Fu

1432.0 3094.0 1636.0 258.0 pour ce que il ne se cognois-

1425.0 3298.0 1589.0 252.0 soit pas ne humilioit de-

1432.0 3475.0 1616.0 266.0 uant son createur. ¶Et a

1438.0 3720.0 1610.0 253.0 ce montrer aꝑtement dit

1432.0 3898.0 1534.0 279.0 la sainte escripture. que

1438.0 4109.0 1623.0 259.0 quant il recoura son sens

1425.0 4313.0 1664.0 253.0 et sa cognoissence il fu resta-

1425.0 4511.0 1698.0 245.0 bliz et remis et son royau-

1425.0 4722.0 1616.0 246.0 me a grant honeur cõme

1432.0 4906.0 1602.0 239.0 deuant. Ceste hystoire est

1384.0 5090.0 1623.0 280.0 escripte plus pleĩnement

1438.0 5336.0 1548.0 218.0 ou liure de daniel le pro-

1391.0 5506.0 1636.0 273.0 phete. ou quart chapitre.

1527.0 5704.0 1500.0 368.0 ¶Et deuons entendre que

3409.0 1097.0 1534.0 238.0 que princes qui deffaut

3423.0 1274.0 1507.0 293.0 a de cognoistre soy et son

3416.0 1512.0 1486.0 246.0 estat nest pas seulement

3430.0 1710.0 1507.0 259.0 semblanz a bestes mues.

3409.0 1915.0 1589.0 252.0 Mes doit estre meins p̾siez.

3416.0 2119.0 1555.0 245.0 selonc ce que dit boeces en

3430.0 2337.0 1541.0 211.0 son secont liure de consola-

3423.0 2528.0 1582.0 211.0 cion ou il dit en tel manie-

3430.0 2705.0 1561.0 232.0 re. La condicion humaĩne

3423.0 2910.0 1582.0 258.0 creature est que tent seule-

3416.0 3114.0 1527.0 259.0 ment hõme est plus excel-

3430.0 3312.0 1561.0 238.0 lent de toutes autres chose̾

3416.0 3530.0 1575.0 231.0 quant il se cognoist. Mais

3423.0 3714.0 1548.0 265.0 quant il se leisse a cognoi-

3402.0 3925.0 1555.0 218.0 stre. les autres creatures le

3416.0 4123.0 1473.0 224.0 seurmontent en dignete.

3402.0 4300.0 1514.0 286.0 Et rent la raison quar q̃

3430.0 4518.0 1486.0 272.0 les bestes ont ignorance

3430.0 4709.0 1575.0 265.0 ce leur uient de leur nature.

3430.0 4893.0 1527.0 279.0 Et ignorance en hõme ui-

3430.0 5124.0 1432.0 239.0 ent de uice et de pechie.

3430.0 5288.0 1500.0 286.0 ¶Et pour ce nous enseig-

3430.0 5520.0 1534.0 238.0 ne profitablement. Saint

3436.0 5724.0 1514.0 314.0 bernart. qui dit ainsi. estu-

5121.0 2194.0 136.0 470.0 boec

5066.0 5717.0 198.0 218.0 b̾nart
