2603 4107
748 547 816 132 pechie nous attraient. Au-

746 650 804 132 cunes foiz par promesses.

742 757 854 123 autre foiz par espoenter. Au-

746 862 802 116 cunes foiz par fraudes en

748 969 813 112 deceuant. Aucunes foiz ꝑ

746 1058 831 126 fausses paroles et menson-

748 1168 793 109 ges pour nous peruertir.

748 1261 797 119 aucunes foiz par uitupe-

751 1359 797 121 res. uilenies et reproches.

751 1457 797 124 pour nous esmouoir. a

751 1562 826 119 corroz et impacience. Au-

746 1667 829 114 cune foz en nostre doma-

751 1761 817 128 ge pourchacent. Et aucu-

748 1868 838 114 nes foiz en nous de aucun

748 1959 850 121 bien retraient et esloignãt.

689 2048 888 142 ¶ Et toutes ces manieres

744 2158 822 128 de ꝑsecucions. sentons noꝰ

748 2265 825 123 souuent auenir par ceus.

751 2366 826 123 qui de plus pres nous a-

751 2464 799 127 partiẽnent. ¶Et pour ce dit

753 2564 801 132 le prophete Ieremie. Un̾

744 2664 810 131 quisqz a proxino suo se

753 2772 781 125 custodiat. ⁊ c̃. Il uueut

753 2874 854 135 dire que qui bien se uueut

1472 228 546 121 Lassaut des hõmes.

1730 549 770 126 garder de touz se doit garder

1733 652 776 112 de son uoisin. Et en son ꝓ-

1735 752 753 124 pre frere ne mete pas sa

1737 855 749 103 fiance. Et rent la cause.

1737 956 772 123 quar souuent auient que

1739 1058 754 117 de noz propres freres noꝰ

1735 1149 753 131 sõmes supplante et engi-

1737 1270 795 110 gnie. Et ceus qui se mõtrẽt

1739 1364 777 96 estre noz amis nous font

1737 1451 767 123 fraude et barat. ¶ Et le pro-

1634 1556 857 134 ꝑhete micheas dit ainsi.

1784 1656 709 133 Nolite credere amico no-

1749 1761 735 96 lite confidere induce. et c̾.

1742 1870 742 108 Gardez dit il. que uous

1698 1959 827 121 ne creez a ceus qui se dient

1749 2053 771 103 estre uoz amis. Et ne me-

1749 2158 742 112 tez pas nostre fiance ne

1723 2256 811 128 uostre esperance en touz ceu̾

1744 2363 769 114 qui nous prometent con-

1746 2466 738 103 duit. Et te garde bien de

1746 2555 745 128 dire ton secret. a cele qui

1744 2653 767 100 dort en ton sein en .i. meis-

1744 2749 779 135 me lit. Cest a entendre qͣnt

1743 2840 856 175 tu te doubtes raisõnablemẽt

500 2658 166 121 c.ix.
