5170 8178
2946 527 468 286 Pechie

1425 994 1657 321 prouerbes. Miseros facit

1436 1294 1696 250 populos peccatum. Pechie

1459 1476 1678 259 feit les hõmes poures che-

1441 1671 1673 269 tis et maleureus. ¶ Certes

1459 1880 1610 246 lame par pechie est tres

1464 2076 1696 272 horde leide uil et abhomi-

1445 2312 1697 232 nable. quar nule leidure

1445 2480 1683 236 nule corruption nule or-

1441 2698 1637 255 dure nest tant puent de-

1464 2894 1623 259 uant dieu et deuant les

1464 3073 1687 257 anges. Et nest nule cha-

1439 3284 1671 246 roigne tant soit horrible

1445 3496 1617 265 qui si pue deuant hõme.

1459 3698 1701 231 cõme pechie deuant dieu.

1441 3880 1682 240 Et pour ce pechie feit mõt

1441 4066 1623 295 a hair et refuser. ¶Et nõ

1445 4297 1615 255 mie seulement pͬ la cause

1450 4502 1614 250 dicte. Mes aussi pour ce

1445 4715 1669 228 que il rent lame feible ⁊

1464 4893 1664 227 enferme a tout bien. po-

1473 5083 1705 232 ure diseteuse et de tout biẽ

1455 5265 1755 286 despoillee et desnuee ¶Item

1477 5492 1633 237 par pechie est la parole de

1441 5688 1682 318 confession de honeste et de

3383 1072 1505 263 deuotion ꝑdue et obliee.

3378 1281 1541 241 Et lame par pechie auu-

3355 1476 1560 277 glee. De dieu et des sains

3383 1699 1536 245 anges reprouee et a tour-

3383 1903 1546 236 menz ꝑdurables deputee

3387 2117 1569 240 et obligee et de la gloire de

3387 2308 1578 245 paradis a touz iours hãnie

3378 2485 1528 254 et hors boutee. ¶De ceste

3383 2712 1568 236 misere parle dauid en son

3355 2835 1629 299 psautier. entel maniere.

3362 3080 1610 272 Iniquitates mee super

3362 3278 1685 252 gresse sunt caput meum ⁊ c̾.

3355 3509 1548 246 Sequitur miser factus

3360 3671 1541 277 sum ⁊ c̃. ¶ Et doiz noter.

3378 3898 1578 250 que tout aussi que celi est

3351 4093 1596 245 bien eureus qui a tout ce

3373 4293 1542 250 que il uuent et nul mal

3355 4493 1592 254 il ne uueut. Selonc la doc-

3373 4697 1537 246 trine saint augustin en

3396 4893 1555 240 lespitre que il feit a une da-

3369 5093 1569 249 me qui apelee estoit proba

3360 5288 1596 268 tout aussi est il mal eureus.

3287 5486 1623 265 et mal auentures qui ne

3323 5688 1587 286 puet auoir son uouloir ⁊

736 1063 580 306 .c.xiiii.
