5314 8214
2965.0 438.0 547.0 369.0 Le proces

1444.0 1074.0 1555.0 267.0 metre. Le quel liuret puet

1424.0 1266.0 1548.0 287.0 estre apele le mireour des

1417.0 1485.0 1650.0 260.0 dames: a fin que elle sache

1431.0 1711.0 1636.0 226.0 uoaier et considerer cõment

1424.0 1902.0 1616.0 240.0 toute tache ostee de sa con-

1417.0 2115.0 1609.0 232.0 science. puisse estre bien or-

1417.0 2306.0 1616.0 233.0 donnee a dieu et a ce que a

1417.0 2498.0 1596.0 260.0 li apartient. Et cõment ou

1417.0 2717.0 1589.0 253.0 gouuernement de sa ꝑson

1417.0 2895.0 1664.0 240.0 ne. de son ostel et de ses soub

1417.0 3093.0 1548.0 281.0 giez elle se doit auoir. Et

1390.0 3299.0 1725.0 260.0 cõment auec touz senz nule

1431.0 3525.0 1554.0 232.0 reprehension doit honeste-

1417.0 3716.0 1589.0 240.0 ment conuerser. Et apres

1424.0 3908.0 1568.0 240.0 par quels merites puisse

1424.0 4079.0 1630.0 267.0 uenir a pardurable gloire.

1431.0 4305.0 1636.0 226.0 et sens fin auec le souue-

1424.0 4490.0 1643.0 267.0 rain roy regner. Ci est mis

1424.0 4695.0 1671.0 233.0 le fondement de leuure ensui-

2266.0 4901.0 822.0 239.0 Salomons -ent

2266.0 5120.0 726.0 232.0 qui fu de sa-

2266.0 5298.0 767.0 253.0 pience par le

2266.0 5489.0 699.0 267.0 don de dieu

1417.0 5695.0 1644.0 287.0 clerement enluminez en .i.

3423.0 1067.0 1548.0 288.0 sien luire qui est apelez pro-

3423.0 1307.0 1507.0 287.0 uerbes dit en tel maniere.

3430.0 1499.0 1493.0 267.0 Sapiens mulier edifi-

3423.0 1677.0 1534.0 294.0 cat domum suam. ¶Une

3417.0 1902.0 1588.0 267.0 chacune creature de sa con-

3410.0 2108.0 1554.0 267.0 dicion naturele. qui li est

3410.0 2320.0 1602.0 233.0 de dieu empreinte et dõnee.

3403.0 2512.0 1589.0 219.0 desierre la conseruacion de

3410.0 2710.0 1582.0 233.0 son estre. tent naturelmẽt

3410.0 2888.0 1554.0 281.0 au lieu ou elle est gardee et

3403.0 3107.0 1589.0 260.0 sauuee. ⁊ q̃nt elle uient au

3403.0 3312.0 1541.0 240.0 lieu de sa ꝯseruacion; illeuc

3403.0 3497.0 1568.0 274.0 prãt son ropos. Ce ueons noꝰ

3403.0 3716.0 1561.0 233.0 cleremẽt ⁊ aꝑtemet en bestes

3410.0 3922.0 1568.0 226.0 mues qͥ quierent leur fosses

3410.0 4127.0 1582.0 233.0 et leur tanieres pour habi-

3410.0 4305.0 1561.0 253.0 ter et reposer. Et les oyse-

3403.0 4504.0 1589.0 246.0 aus du ciel ueons nous

3403.0 4695.0 1602.0 274.0 leur niz par grant et mer-

3410.0 4887.0 1582.0 239.0 ueilleus artifice feire et ede-

3396.0 5092.0 1678.0 288.0 fier. Ainsi le dit nostre sau-

3403.0 5332.0 1589.0 212.0 ueeur en leuuangile saint

3396.0 5489.0 1602.0 295.0 luc. Uulpes foueas habẽt

3389.0 5708.0 1534.0 322.0 et uolucres et .c̾. Et dauid

5081.0 1786.0 205.0 226.0 .c.xiiii.

5012.0 5298.0 199.0 431.0 .c.ix.
