5182 8226
3014 479 439 243 pechie

1459 1046 1705 251 Ie uoi ce qui me deust estre

1468 1275 1632 196 cause et matiere de doleur.

1468 1476 1587 233 et au cuer nen sens nule

1468 1663 1642 247 doleur. Et le membre ma-

1481 1882 1615 224 lade qui sa doleur ne sent

1481 2102 1661 201 est mort. ou bien pres de la

1477 2298 1637 210 mort. Et la maladie que le

1477 2481 1610 224 malade ne sent est incura-

1481 2664 1638 256 ble. Ie suis dit il liez et dis

1477 2879 1559 246 soluz et point des pechiez

1481 3071 1619 237 que iay feiz ie ne mamã

1486 3281 1674 251 de ne corrige. A mes defauz

1477 3496 1605 233 don ie me suis confessez.

1477 3701 1683 229 touz les iours ie retourne.

1481 3879 1656 224 Et ne me garde pas de che-

1486 4090 1587 246 oir en la fosse en la quele

1491 4282 1605 233 ie suis cheuz autre foiz. et

1491 4483 1591 260 autrui hay ueu cheoir. Et

1495 4711 1669 229 ie qui plorer deusse pour les

1495 4889 1633 247 maus que iay feiz. ⁊ pour

1509 5095 1532 242 pluseurs biens que ray

1504 5273 1725 224 leissie a feire. Las moy tout

1504 5506 1679 215 mest tourne a contraire q̃r

1500 5689 1701 288 ie suis touz teues et refroi-

3430 1055 1564 256 diez de ferueur doroison. Et

3434 1261 1546 256 ia suis demorez touz froiz

3434 1489 1523 215 et senz sentement. Et pour

3434 1681 1592 233 ce ie ne puis plorer ne moy

3443 1882 1556 220 ne mes pechiez quar la fõ-

3443 2083 1610 224 taĩne de lermes que ie deus-

3443 2294 1560 233 se auoir est deꝑtie de moy.

3448 2444 1619 279 ¶En quoi trouuõs noꝰ en pe-

3425 2691 1610 233 chie et en pecheeur autre mi-

3453 2874 1573 238 sere. quar aucunes foiz cui-

3448 3075 1647 256 des tu estre bons et tu es mau-

3457 3272 1555 246 uais. Sains et tu es mala-

3457 3477 1514 256 des. Et aucune foiz cuides

3462 3706 1555 219 estre sauuez et tu es a mort

3457 3889 1560 228 pardurable et a ꝑdicion par

3457 4094 1510 247 le souuerain iuge deputez

3457 4282 1528 237 et ordonnez. en lapocalipse

3457 4487 1496 197 est il escript. a leuesque de

3361 4670 1670 279 laodicie. Dicis quia di-

3471 4894 1477 228 ues sum et locupletatus

3476 5104 1481 215 nimis ⁊ c̾. Tu diz ie suis

3457 5273 1537 261 mont riches et mont puis-

3462 5474 1477 238 senz et rien ne me faut.

3457 5671 1514 320 quar ie nay mestier de cõ-
