5146 8226
3016 511 439 279 pechie

1485 1060 1668 219 que les paiens. blasment

1476 1247 1672 265 pechie. en ten que dit tulles

1480 1462 1682 228 qui fu paiens. ou tiers li-

1480 1649 1595 261 ure que il feit des offices

1485 1864 1613 233 quar dit il nule chose de

1480 2065 1714 238 leidure nest a feire a hõme de

1480 2271 1623 224 bien suppose. que nũs ne

1480 2458 1645 252 le ueist. ¶Donc selonc ce

1480 2655 1696 265 que il dit philophie ensei-

1476 2860 1659 256 gne et amoneste que nule

1480 3066 1709 228 rien ne soit feite contre iu-

1476 3253 1617 211 stice contre continence et

1485 3445 1682 279 contre chaate. ¶ Et raconte

1476 3669 1686 247 ce mestre. que une fable fu

1476 3884 1672 224 trouuee de platon. dun hõ-

1480 4058 1609 224 me qui fu nõmez byses.

1480 4268 1577 224 le quel selonc les fables

1476 4478 1691 242 descendi en une grant fos-

1480 4661 1641 251 se en terre. Illec il trouua

1467 4876 1704 251 .i. cheual darem seur le quel

1485 5081 1654 233 cheual uit un hõme mõt

1485 5269 1627 256 grant et haut. Et uit un

1489 5470 1678 242 anel dor en son doy le quel

1494 5666 1673 293 il li osta et emporta. le quel

3464 1060 1554 237 anel estoit de tel uertu que

3468 1265 1499 252 quant la pierre de lanel

3464 1471 1494 224 estoit tournee par deuers

3464 1672 1558 229 la paume. il ueoit chascun

3464 1869 1540 228 et nũs ne le ueoit. Et qͣnt

3464 2079 1508 224 il remetoit lanel en son

3468 2280 1518 242 propre lieu de touz estoit

3468 2463 1518 251 ueuz. Cest hõme estoit pa-

3464 2664 1522 224 steur de bestes du roy du

3473 2847 1517 265 pays. ¶Et auint selonc

3464 3071 1480 214 ce que la fable raconte

3464 3276 1549 247 que ce byses par mi lanel

3468 3468 1554 247 prist la Royne a fẽme ⁊ le

3482 3674 1513 224 Roy occist. Et ainsi par le

3473 3866 1545 256 benefice du dit anel en bri-

3473 4085 1458 206 ef temps il fu Roy des

3477 4250 1504 278 lyddiens. ¶ Or dit ce me-

3473 4474 1545 223 stre tullius. que se il estoit

3477 4670 1536 256 ainsi. que tu peusses auoir

3464 4867 1540 265 cel anel. pour ce ne deuroies

3473 5072 1494 265 tu pas pechier aussi po cõ-

3468 5273 1531 229 me se tu ne lauoies mie.

3473 5465 1517 220 quar selonc ce quil ꝯclut.

3468 5680 1486 256 hõme de bien quiert ce qͥ

584 3573 521 247 exemple
