<?xml version="1.0" encoding="UTF-8"?>
<alto xmlns:xsi="http://www.w3.org/2001/XMLSchema-instance"
      xmlns="http://www.loc.gov/standards/alto/ns-v4#"
      xsi:schemaLocation="http://www.loc.gov/standards/alto/ns-v4# http://www.loc.gov/standards/alto/v4/alto-4-2.xsd">
  <Description>
    <MeasurementUnit>pixel</MeasurementUnit>
    <sourceImageInformation>
      <fileName>324_011_R_TC_46.jpg</fileName>
    </sourceImageInformation>
  </Description>
  <Tags>
    <OtherTag ID="BT7" LABEL="CustomZone" DESCRIPTION="block type CustomZone"/><OtherTag ID="BT8" LABEL="DamageZone" DESCRIPTION="block type DamageZone"/><OtherTag ID="BT9" LABEL="DigitizationArtefactZone" DESCRIPTION="block type DigitizationArtefactZone"/><OtherTag ID="BT10" LABEL="DropCapitalZone" DESCRIPTION="block type DropCapitalZone"/><OtherTag ID="BT11" LABEL="GraphicZone" DESCRIPTION="block type GraphicZone"/><OtherTag ID="BT12" LABEL="MainZone" DESCRIPTION="block type MainZone"/><OtherTag ID="BT13" LABEL="MarginTextZone" DESCRIPTION="block type MarginTextZone"/><OtherTag ID="BT14" LABEL="MusicZone" DESCRIPTION="block type MusicZone"/><OtherTag ID="BT15" LABEL="NumberingZone" DESCRIPTION="block type NumberingZone"/><OtherTag ID="BT17" LABEL="QuireMarksZone" DESCRIPTION="block type QuireMarksZone"/><OtherTag ID="BT18" LABEL="RunningTitleZone" DESCRIPTION="block type RunningTitleZone"/><OtherTag ID="BT19" LABEL="SealZone" DESCRIPTION="block type SealZone"/><OtherTag ID="BT20" LABEL="StampZone" DESCRIPTION="block type StampZone"/><OtherTag ID="BT21" LABEL="TableZone" DESCRIPTION="block type TableZone"/><OtherTag ID="BT22" LABEL="TitlePageZone" DESCRIPTION="block type TitlePageZone"/>
    <OtherTag ID="LT7" LABEL="CustomLine" DESCRIPTION="line type CustomLine"/><OtherTag ID="LT8" LABEL="DefaultLine" DESCRIPTION="line type DefaultLine"/><OtherTag ID="LT9" LABEL="DropCapitalLine" DESCRIPTION="line type DropCapitalLine"/><OtherTag ID="LT10" LABEL="HeadingLine" DESCRIPTION="line type HeadingLine"/><OtherTag ID="LT11" LABEL="InterlinearLine" DESCRIPTION="line type InterlinearLine"/><OtherTag ID="LT12" LABEL="MusicLine" DESCRIPTION="line type MusicLine"/><OtherTag ID="LT13" LABEL="default" DESCRIPTION="line type default"/>
  </Tags>
  <Layout>
    <Page WIDTH="5338"
          HEIGHT="8226"
          PHYSICAL_IMG_NR="20"
          ID="eSc_dummypage_">
      <PrintSpace HPOS="0"
                  VPOS="0"
                  WIDTH="5338"
                  HEIGHT="8226">
        <TextBlock HPOS="179"
                   VPOS="1055"
                   WIDTH="1893"
                   HEIGHT="4934"
                   ID="eSc_textblock_fb60922c"
                   TAGREFS="BT12">
          <Shape><Polygon POINTS="179 1055 179 5989 2072 5989 2072 1055 835 1055"/></Shape>
          <TextLine ID="eSc_line_e942bbb5"
                    TAGREFS="LT8"
                    BASELINE="347 1247 1933 1243" 
                    HPOS="347"
                    VPOS="1096"
                    WIDTH="1586"
                    HEIGHT="229">
            <Shape><Polygon POINTS="1860 1096 1855 1096 1270 1119 1238 1096 1233 1096 1229 1096 1224 1096 1083 1115 1000 1096 982 1096 955 1096 932 1119 900 1096 891 1096 845 1096 799 1096 754 1096 708 1096 662 1096 616 1096 571 1096 539 1096 379 1119 351 1188 347 1247 347 1284 1590 1325 1595 1325 1599 1325 1604 1325 1604 1320 1640 1288 1764 1320 1768 1320 1773 1320 1777 1320 1933 1279 1933 1243 1928 1124 1864 1096 1860 1096"/></Shape>
	    <String CONTENT="sement du pechie de luxure."
                    HPOS="347"
                    VPOS="1096"
                    WIDTH="1586"
                    HEIGHT="229"
                    WC="0.9785341841203196"></String>
          </TextLine>
          <TextLine ID="eSc_line_af8411cd"
                    TAGREFS="LT8"
                    BASELINE="333 1453 1942 1439" 
                    HPOS="329"
                    VPOS="1288"
                    WIDTH="1613"
                    HEIGHT="252">
            <Shape><Polygon POINTS="329 1402 333 1453 333 1540 598 1535 603 1535 607 1535 612 1530 667 1489 1014 1489 1073 1512 1110 1530 1115 1530 1119 1535 1384 1535 1384 1530 1389 1530 1467 1498 1508 1485 1937 1485 1942 1439 1928 1288 1389 1316 1147 1307 863 1293 859 1293 854 1293 808 1316 790 1320 699 1316 388 1297 383 1297 379 1297 374 1297 356 1307 329 1402"/></Shape>
	    <String CONTENT="si cognoist en quiex cuers il"
                    HPOS="329"
                    VPOS="1288"
                    WIDTH="1613"
                    HEIGHT="252"
                    WC="0.9851816111597521"></String>
          </TextLine>
          <TextLine ID="eSc_line_a00c9e87"
                    TAGREFS="LT8"
                    BASELINE="338 1658 1960 1640" 
                    HPOS="333"
                    VPOS="1489"
                    WIDTH="1627"
                    HEIGHT="261">
            <Shape><Polygon POINTS="338 1658 338 1750 420 1745 425 1745 429 1745 429 1741 470 1704 635 1704 694 1736 694 1741 699 1741 703 1741 708 1745 1147 1745 1147 1741 1151 1741 1229 1718 1288 1700 1348 1713 1457 1736 1462 1736 1467 1736 1540 1704 1576 1690 1956 1690 1960 1640 1951 1517 1786 1489 1782 1489 1142 1521 740 1498 735 1498 571 1526 425 1503 420 1503 415 1503 333 1530 338 1658"/></Shape>
	    <String CONTENT="puisse espendre le uenin den-"
                    HPOS="333"
                    VPOS="1489"
                    WIDTH="1627"
                    HEIGHT="261"></String>
          </TextLine>
          <TextLine ID="eSc_line_b2b1e5c5"
                    TAGREFS="LT8"
                    BASELINE="342 1859 1855 1850" 
                    HPOS="338"
                    VPOS="1695"
                    WIDTH="1517"
                    HEIGHT="233">
            <Shape><Polygon POINTS="342 1859 342 1896 511 1923 516 1928 699 1928 699 1923 703 1923 708 1923 735 1901 1850 1901 1855 1850 1841 1704 1444 1718 1407 1709 1348 1695 1343 1695 1339 1695 1110 1713 1019 1722 1005 1718 964 1700 959 1700 955 1700 850 1722 836 1722 831 1722 804 1700 799 1700 795 1700 452 1700 447 1700 443 1700 338 1727 342 1859"/></Shape>
	    <String CONTENT="uie. Il set mont bien les"
                    HPOS="338"
                    VPOS="1695"
                    WIDTH="1517"
                    HEIGHT="233"
                    WC="0.9934693908691407"></String>
          </TextLine>
          <TextLine ID="eSc_line_6dd1ea8a"
                    TAGREFS="LT8"
                    BASELINE="329 2065 1937 2056" 
                    HPOS="324"
                    VPOS="1914"
                    WIDTH="1613"
                    HEIGHT="233">
            <Shape><Polygon POINTS="329 2065 329 2134 973 2147 978 2147 982 2147 987 2147 987 2143 1014 2120 1023 2111 1270 2111 1279 2115 1307 2138 1307 2143 1311 2143 1316 2143 1320 2147 1403 2147 1403 2143 1407 2143 1471 2111 1476 2111 1677 2111 1718 2111 1791 2143 1796 2143 1800 2143 1805 2143 1937 2102 1937 2056 1924 1914 324 1919 329 2065"/></Shape>
	    <String CONTENT="quiex il puet de peeur acra-"
                    HPOS="324"
                    VPOS="1914"
                    WIDTH="1613"
                    HEIGHT="233"
                    WC="0.9975311969007764"></String>
          </TextLine>
          <TextLine ID="eSc_line_62a03d3b"
                    TAGREFS="LT8"
                    BASELINE="351 2271 1905 2262" 
                    HPOS="347"
                    VPOS="2111"
                    WIDTH="1558"
                    HEIGHT="233">
            <Shape><Polygon POINTS="351 2271 351 2316 662 2344 667 2344 671 2344 772 2312 795 2307 808 2312 863 2344 868 2344 872 2344 877 2344 882 2344 882 2339 914 2312 923 2307 946 2312 1119 2344 1124 2344 1311 2339 1316 2339 1320 2339 1320 2335 1352 2307 1357 2303 1901 2303 1905 2262 1896 2134 1393 2111 1389 2111 1384 2111 1380 2111 1352 2138 1028 2138 886 2138 863 2120 863 2115 859 2115 854 2115 644 2115 639 2115 347 2143 351 2271"/></Shape>
	    <String CONTENT="uenter. Les quiex de doleur"
                    HPOS="347"
                    VPOS="2111"
                    WIDTH="1558"
                    HEIGHT="233"
                    WC="0.9694533138363449"></String>
          </TextLine>
          <TextLine ID="eSc_line_4ff5661a"
                    TAGREFS="LT8"
                    BASELINE="338 2467 1942 2444" 
                    HPOS="333"
                    VPOS="2285"
                    WIDTH="1609"
                    HEIGHT="269">
            <Shape><Polygon POINTS="338 2467 338 2554 959 2527 1023 2531 1174 2545 1179 2545 1183 2545 1243 2522 1256 2518 1261 2522 1284 2545 1288 2545 1293 2545 1297 2545 1302 2545 1357 2518 1380 2504 1942 2495 1942 2444 1937 2316 1869 2285 1864 2285 1613 2285 1608 2285 1604 2285 1599 2285 1599 2289 1563 2321 1563 2326 973 2330 968 2330 927 2298 923 2298 918 2298 914 2298 744 2330 685 2303 680 2303 676 2303 333 2335 338 2467"/></Shape>
	    <String CONTENT="troubler les quiex de fausse"
                    HPOS="333"
                    VPOS="2285"
                    WIDTH="1609"
                    HEIGHT="269"
                    WC="0.9948197858674186"></String>
          </TextLine>
          <TextLine ID="eSc_line_6e6ca808"
                    TAGREFS="LT8"
                    BASELINE="324 2668 1905 2659" 
                    HPOS="319"
                    VPOS="2522"
                    WIDTH="1586"
                    HEIGHT="233">
            <Shape><Polygon POINTS="324 2668 324 2755 543 2755 543 2751 548 2751 552 2751 589 2723 758 2746 799 2751 804 2751 808 2751 822 2746 886 2710 1115 2710 1375 2710 1430 2737 1448 2746 1453 2746 1457 2751 1672 2751 1672 2746 1677 2746 1681 2746 1681 2742 1695 2732 1713 2719 1732 2732 1745 2746 1750 2746 1754 2746 1759 2746 1905 2728 1905 2659 1892 2522 319 2522 324 2668"/></Shape>
	    <String CONTENT="ioie deceuoir. Les quiex ꝑ"
                    HPOS="319"
                    VPOS="2522"
                    WIDTH="1586"
                    HEIGHT="233"
                    WC="0.9887853975479419"></String>
          </TextLine>
          <TextLine ID="eSc_line_c1d18ee3"
                    TAGREFS="LT8"
                    BASELINE="333 2865 1933 2856" 
                    HPOS="329"
                    VPOS="2705"
                    WIDTH="1604"
                    HEIGHT="187">
            <Shape><Polygon POINTS="333 2865 333 2892 1933 2888 1933 2856 1924 2728 1206 2705 1201 2705 1087 2728 1078 2732 329 2732 333 2865"/></Shape>
	    <String CONTENT="merueilles et merueilleuses"
                    HPOS="329"
                    VPOS="2705"
                    WIDTH="1604"
                    HEIGHT="187"
                    WC="0.9821599170013711"></String>
          </TextLine>
          <TextLine ID="eSc_line_7a3d360d"
                    TAGREFS="LT8"
                    BASELINE="338 3066 1928 3066" 
                    HPOS="338"
                    VPOS="2929"
                    WIDTH="1590"
                    HEIGHT="192">
            <Shape><Polygon POINTS="338 3066 338 3098 1924 3121 1928 3066 1924 2929 338 2933 338 3066"/></Shape>
	    <String CONTENT="nouuelles assoter. de toutes"
                    HPOS="338"
                    VPOS="2929"
                    WIDTH="1590"
                    HEIGHT="192"
                    WC="0.981594939317022"></String>
          </TextLine>
          <TextLine ID="eSc_line_c2ddb514"
                    TAGREFS="LT8"
                    BASELINE="342 3272 1896 3272" 
                    HPOS="342"
                    VPOS="3116"
                    WIDTH="1554"
                    HEIGHT="229">
            <Shape><Polygon POINTS="342 3272 342 3345 516 3345 516 3340 521 3340 530 3340 612 3308 904 3308 932 3326 946 3340 950 3340 955 3340 959 3340 1896 3304 1896 3272 1892 3135 1476 3139 1467 3135 1430 3116 1425 3116 1421 3116 1329 3135 1311 3139 1293 3135 1220 3116 1215 3116 1211 3116 1083 3139 1064 3139 1051 3139 955 3116 950 3116 722 3139 708 3139 690 3139 461 3116 457 3116 342 3139 342 3272"/></Shape>
	    <String CONTENT="ꝑsonnes il enquiert les cõ-"
                    HPOS="342"
                    VPOS="3116"
                    WIDTH="1554"
                    HEIGHT="229"></String>
          </TextLine>
          <TextLine ID="eSc_line_596c844f"
                    TAGREFS="LT8"
                    BASELINE="342 3468 1919 3464" 
                    HPOS="338"
                    VPOS="3313"
                    WIDTH="1581"
                    HEIGHT="224">
            <Shape><Polygon POINTS="342 3468 342 3500 991 3500 1010 3505 1087 3537 1092 3537 1096 3537 1914 3509 1919 3464 1910 3340 1672 3313 1668 3313 1663 3313 1658 3313 1622 3336 1517 3313 1512 3313 1393 3336 1384 3336 1371 3336 1110 3313 1105 3313 1101 3313 1060 3336 1028 3313 1023 3313 1019 3313 1014 3313 338 3331 342 3468"/></Shape>
	    <String CONTENT="dicions et les coustumes."
                    HPOS="338"
                    VPOS="3313"
                    WIDTH="1581"
                    HEIGHT="224"
                    WC="0.9851956820487976"></String>
          </TextLine>
          <TextLine ID="eSc_line_8c218187"
                    TAGREFS="LT8"
                    BASELINE="342 3678 1933 3669" 
                    HPOS="338"
                    VPOS="3523"
                    WIDTH="1595"
                    HEIGHT="247">
            <Shape><Polygon POINTS="342 3678 342 3770 539 3770 539 3765 543 3765 626 3724 991 3724 1096 3765 1110 3770 1115 3770 1119 3770 1124 3770 1142 3765 1229 3742 1261 3765 1265 3765 1270 3765 1275 3765 1297 3765 1521 3742 1558 3765 1563 3765 1567 3765 1572 3765 1933 3761 1933 3669 1924 3528 338 3523 342 3678"/></Shape>
	    <String CONTENT="Il pese les occupacions ⁊ les"
                    HPOS="338"
                    VPOS="3523"
                    WIDTH="1595"
                    HEIGHT="247"
                    WC="0.990762276896115"></String>
          </TextLine>
          <TextLine ID="eSc_line_edc8b417"
                    TAGREFS="LT8"
                    BASELINE="347 3857 1892 3875" 
                    HPOS="342"
                    VPOS="3715"
                    WIDTH="1550"
                    HEIGHT="228">
            <Shape><Polygon POINTS="347 3857 342 3889 731 3939 735 3943 941 3943 941 3939 946 3939 950 3939 996 3907 1092 3907 1147 3943 1151 3943 1156 3943 1160 3943 1334 3907 1860 3930 1864 3930 1869 3930 1873 3930 1873 3925 1887 3907 1892 3875 1887 3742 1549 3742 1540 3738 1512 3715 1508 3715 1503 3715 1499 3715 347 3719 347 3857"/></Shape>
	    <String CONTENT="cures. Il encerche les affec-"
                    HPOS="342"
                    VPOS="3715"
                    WIDTH="1550"
                    HEIGHT="228"></String>
          </TextLine>
          <TextLine ID="eSc_line_07e37354"
                    TAGREFS="LT8"
                    BASELINE="338 4053 1855 4076" 
                    HPOS="333"
                    VPOS="3907"
                    WIDTH="1522"
                    HEIGHT="228">
            <Shape><Polygon POINTS="338 4053 333 4090 397 4113 402 4113 406 4113 900 4094 936 4094 973 4094 1549 4135 1553 4135 1850 4103 1855 4076 1855 3943 338 3907 338 4053"/></Shape>
	    <String CONTENT="cions et les uolentez. Et"
                    HPOS="333"
                    VPOS="3907"
                    WIDTH="1522"
                    HEIGHT="228"
                    WC="0.991688208580017"></String>
          </TextLine>
          <TextLine ID="eSc_line_9013ec20"
                    TAGREFS="LT8"
                    BASELINE="338 4250 1914 4272" 
                    HPOS="333"
                    VPOS="4117"
                    WIDTH="1581"
                    HEIGHT="229">
            <Shape><Polygon POINTS="338 4250 333 4286 868 4318 872 4318 1165 4304 1279 4341 1284 4341 1700 4346 1704 4346 1910 4309 1914 4272 1914 4122 338 4117 338 4250"/></Shape>
	    <String CONTENT="la ou il uoit chascun plus"
                    HPOS="333"
                    VPOS="4117"
                    WIDTH="1581"
                    HEIGHT="229"
                    WC="0.9753462167886587"></String>
          </TextLine>
          <TextLine ID="eSc_line_1be9897d"
                    TAGREFS="LT8"
                    BASELINE="342 4464 1882 4474" 
                    HPOS="338"
                    VPOS="4304"
                    WIDTH="1544"
                    HEIGHT="238">
            <Shape><Polygon POINTS="342 4464 338 4501 443 4538 447 4538 452 4542 658 4542 658 4538 662 4538 740 4506 923 4538 927 4538 932 4538 936 4538 936 4533 973 4506 1064 4506 1069 4506 1110 4542 1115 4542 1119 4542 1124 4542 1375 4510 1878 4510 1882 4474 1878 4341 1265 4341 1233 4332 1110 4304 1105 4304 1101 4304 1096 4304 1055 4327 1046 4336 941 4336 932 4327 909 4304 904 4304 900 4304 712 4304 708 4304 703 4304 699 4304 667 4323 648 4332 342 4323 342 4464"/></Shape>
	    <String CONTENT="occupe il pourchace toutes"
                    HPOS="338"
                    VPOS="4304"
                    WIDTH="1544"
                    HEIGHT="238"
                    WC="0.9808690800116613"></String>
          </TextLine>
          <TextLine ID="eSc_line_dcf04002"
                    TAGREFS="LT8"
                    BASELINE="324 4661 1901 4688" 
                    HPOS="319"
                    VPOS="4524"
                    WIDTH="1582"
                    HEIGHT="215">
            <Shape><Polygon POINTS="324 4661 319 4688 900 4729 904 4729 1252 4711 1371 4739 1375 4739 1380 4739 1896 4716 1901 4688 1901 4538 324 4524 324 4661"/></Shape>
	    <String CONTENT="les uoies et les achoisons"
                    HPOS="319"
                    VPOS="4524"
                    WIDTH="1582"
                    HEIGHT="215"></String>
          </TextLine>
          <TextLine ID="eSc_line_c7512504"
                    TAGREFS="LT8"
                    BASELINE="333 4857 1901 4880" 
                    HPOS="329"
                    VPOS="4725"
                    WIDTH="1572"
                    HEIGHT="228">
            <Shape><Polygon POINTS="333 4857 329 4899 676 4903 712 4935 712 4940 717 4940 722 4940 726 4940 991 4912 1037 4944 1042 4944 1046 4944 1270 4949 1275 4949 1480 4912 1485 4912 1672 4953 1677 4953 1896 4912 1901 4880 1901 4739 333 4725 333 4857"/></Shape>
	    <String CONTENT="de feire plus grant nuise-"
                    HPOS="329"
                    VPOS="4725"
                    WIDTH="1572"
                    HEIGHT="228"></String>
          </TextLine>
          <TextLine ID="eSc_line_1861a0f7"
                    TAGREFS="LT8"
                    BASELINE="342 5058 1823 5077" 
                    HPOS="338"
                    VPOS="4912"
                    WIDTH="1485"
                    HEIGHT="210">
            <Shape><Polygon POINTS="342 5058 338 5086 1453 5122 1457 5122 1818 5100 1823 5077 1818 4949 712 4912 708 4912 342 4926 342 5058"/></Shape>
	    <String CONTENT="ment. et plus grant do-"
                    HPOS="338"
                    VPOS="4912"
                    WIDTH="1485"
                    HEIGHT="210"></String>
          </TextLine>
          <TextLine ID="eSc_line_11676124"
                    TAGREFS="LT8"
                    BASELINE="342 5260 1869 5282" 
                    HPOS="338"
                    VPOS="5104"
                    WIDTH="1531"
                    HEIGHT="270">
            <Shape><Polygon POINTS="342 5260 338 5319 667 5365 671 5365 1000 5342 1032 5369 1037 5369 1042 5369 1046 5369 1311 5346 1553 5346 1581 5374 1585 5374 1590 5374 1595 5374 1864 5342 1869 5282 1869 5154 1704 5122 1700 5122 1695 5122 1690 5122 1649 5150 1631 5159 1604 5150 1544 5127 1540 5127 1535 5127 1147 5145 973 5150 959 5141 904 5109 900 5109 895 5109 891 5109 886 5109 813 5141 804 5145 799 5141 767 5113 767 5109 763 5109 758 5109 653 5104 648 5104 342 5132 342 5260"/></Shape>
	    <String CONTENT="mage. ¶ Et pour ce nous"
                    HPOS="338"
                    VPOS="5104"
                    WIDTH="1531"
                    HEIGHT="270"
                    WC="0.9820709306260814"></String>
          </TextLine>
          <TextLine ID="eSc_line_3010fa06"
                    TAGREFS="LT8"
                    BASELINE="333 5456 1869 5479" 
                    HPOS="329"
                    VPOS="5305"
                    WIDTH="1540"
                    HEIGHT="256">
            <Shape><Polygon POINTS="333 5456 329 5502 443 5543 447 5543 1252 5561 1256 5561 1366 5557 1371 5557 1375 5557 1375 5552 1407 5525 1860 5525 1869 5479 1864 5356 1563 5324 1558 5324 1412 5337 1329 5346 1297 5333 1261 5319 1256 5319 1252 5319 1247 5319 1211 5333 1179 5342 676 5342 333 5305 333 5456"/></Shape>
	    <String CONTENT="deuons mont ueillier et"
                    HPOS="329"
                    VPOS="5305"
                    WIDTH="1540"
                    HEIGHT="256"
                    WC="0.9827080913211989"></String>
          </TextLine>
          <TextLine ID="eSc_line_e3d4d545"
                    TAGREFS="LT8"
                    BASELINE="338 5657 1928 5680" 
                    HPOS="333"
                    VPOS="5502"
                    WIDTH="1595"
                    HEIGHT="247">
            <Shape><Polygon POINTS="338 5657 333 5698 379 5730 383 5730 388 5730 393 5730 872 5703 1105 5707 1535 5712 1535 5717 1604 5749 1608 5749 1613 5749 1924 5721 1928 5680 1928 5543 1553 5515 1549 5515 1343 5534 1307 5534 1293 5534 1224 5511 1220 5511 1215 5511 1023 5529 987 5529 968 5529 891 5506 886 5506 882 5506 712 5525 690 5525 676 5506 671 5506 671 5502 667 5502 662 5502 658 5502 338 5515 338 5657"/></Shape>
	    <String CONTENT="soigneusement nous gar-"
                    HPOS="333"
                    VPOS="5502"
                    WIDTH="1595"
                    HEIGHT="247"
                    WC="0.99647282258324"></String>
          </TextLine>
          <TextLine ID="eSc_line_a0bb9983"
                    TAGREFS="LT8"
                    BASELINE="324 5849 1951 5872" 
                    HPOS="319"
                    VPOS="5698"
                    WIDTH="1632"
                    HEIGHT="297">
            <Shape><Polygon POINTS="324 5849 319 5941 507 5941 543 5950 635 5972 639 5972 644 5972 648 5972 653 5972 685 5950 690 5945 731 5950 973 5986 978 5986 1252 5954 1284 5950 1293 5954 1339 5986 1343 5986 1348 5986 1352 5986 1357 5986 1471 5959 1617 5995 1622 5995 1626 5995 1946 5954 1951 5872 1946 5749 1572 5744 1558 5735 1521 5717 1517 5717 1512 5717 1444 5730 1407 5739 1357 5730 1293 5712 1288 5712 1284 5712 1151 5721 1037 5730 991 5717 964 5707 959 5707 955 5707 836 5712 548 5726 324 5698 324 5849"/></Shape>
	    <String CONTENT="der contre les frandes decep-"
                    HPOS="319"
                    VPOS="5698"
                    WIDTH="1632"
                    HEIGHT="297"></String>
          </TextLine>
        </TextBlock>
        <TextBlock HPOS="1883"
                   VPOS="323"
                   WIDTH="782"
                   HEIGHT="328"
                   ID="eSc_textblock_bd9b6365"
                   TAGREFS="BT18">
          <Shape><Polygon POINTS="1883 323 1883 651 2287 651 2665 651 2665 323"/></Shape>
          <TextLine ID="eSc_line_e81b2b97"
                    TAGREFS="LT8"
                    BASELINE="1841 594 2637 603" 
                    HPOS="1837"
                    VPOS="429"
                    WIDTH="800"
                    HEIGHT="238">
            <Shape><Polygon POINTS="1841 557 1841 594 1837 662 2627 667 2637 603 2637 479 2518 443 2513 443 2509 443 2504 443 2422 466 2390 438 2390 434 2385 434 2381 434 2376 434 2371 434 2289 461 2225 429 2221 429 2216 429 1860 470 1841 557"/></Shape>
	    <String CONTENT="De lennemi"
                    HPOS="1837"
                    VPOS="429"
                    WIDTH="800"
                    HEIGHT="238"
                    WC="0.9998260200023651"></String>
          </TextLine>
        </TextBlock>
        <TextBlock HPOS="2282"
                   VPOS="1005"
                   WIDTH="1986"
                   HEIGHT="5009"
                   ID="eSc_textblock_21825c09"
                   TAGREFS="BT12">
          <Shape><Polygon POINTS="4231 1024 4245 2941 3841 2941 3841 3163 4247 3163 4268 6014 2299 6014 2287 2607 2282 1005"/></Shape>
          <TextLine ID="eSc_line_48bebf39"
                    TAGREFS="LT8"
                    BASELINE="2294 1243 3884 1256" 
                    HPOS="2289"
                    VPOS="1105"
                    WIDTH="1595"
                    HEIGHT="188">
            <Shape><Polygon POINTS="3848 1128 3802 1128 3756 1128 3711 1124 3665 1124 3619 1124 3573 1124 3528 1124 3482 1119 3436 1119 3391 1119 3345 1119 3299 1115 3253 1115 3208 1115 3162 1115 3116 1115 3094 1110 2294 1105 2294 1243 2289 1279 3875 1293 3884 1256 3880 1128 3848 1128"/></Shape>
	    <String CONTENT="cions et assaus de lenemi."
                    HPOS="2289"
                    VPOS="1105"
                    WIDTH="1595"
                    HEIGHT="188"></String>
          </TextLine>
          <TextLine ID="eSc_line_43e2b413"
                    TAGREFS="LT8"
                    BASELINE="2294 1453 3829 1466" 
                    HPOS="2289"
                    VPOS="1284"
                    WIDTH="1540"
                    HEIGHT="246">
            <Shape><Polygon POINTS="2294 1453 2289 1489 2367 1526 2371 1526 2879 1530 2883 1530 3016 1508 3148 1530 3153 1530 3158 1530 3253 1498 3313 1526 3317 1526 3322 1526 3825 1498 3829 1466 3825 1339 3569 1302 3564 1302 3560 1302 3505 1325 3482 1334 2988 1334 2966 1311 2966 1307 2961 1307 2956 1307 2952 1307 2947 1307 2870 1329 2819 1302 2810 1297 2806 1297 2801 1297 2783 1297 2637 1325 2294 1284 2294 1453"/></Shape>
	    <String CONTENT="De qui le barat nũs ne"
                    HPOS="2289"
                    VPOS="1284"
                    WIDTH="1540"
                    HEIGHT="246"
                    WC="0.9896670968636222"></String>
          </TextLine>
          <TextLine ID="eSc_line_81cf55e4"
                    TAGREFS="LT8"
                    BASELINE="2294 1668 3884 1658" 
                    HPOS="2289"
                    VPOS="1498"
                    WIDTH="1595"
                    HEIGHT="243">
            <Shape><Polygon POINTS="2294 1668 2294 1736 2911 1741 2915 1741 2920 1741 2993 1722 3011 1718 3025 1722 3075 1741 3080 1741 3084 1741 3089 1741 3158 1718 3190 1709 3217 1718 3276 1736 3281 1736 3285 1736 3290 1736 3295 1736 3322 1713 3336 1709 3381 1713 3564 1736 3569 1736 3573 1736 3578 1736 3578 1732 3605 1709 3605 1704 3884 1700 3884 1658 3875 1521 3084 1498 3080 1498 2961 1521 2367 1503 2362 1503 2358 1503 2289 1526 2294 1668"/></Shape>
	    <String CONTENT="puet soufisẽment dire ne"
                    HPOS="2289"
                    VPOS="1498"
                    WIDTH="1595"
                    HEIGHT="243"
                    WC="0.9935499358177186"></String>
          </TextLine>
          <TextLine ID="eSc_line_1cacb635"
                    TAGREFS="LT8"
                    BASELINE="2307 1850 3948 1869" 
                    HPOS="2303"
                    VPOS="1700"
                    WIDTH="1645"
                    HEIGHT="255">
            <Shape><Polygon POINTS="2307 1850 2303 1896 2650 1901 2705 1946 2710 1946 2714 1946 2719 1951 2792 1951 2792 1946 2796 1946 2801 1946 2801 1942 2842 1910 2993 1910 3121 1951 3126 1951 3130 1955 3253 1955 3253 1951 3258 1951 3336 1914 3386 1951 3391 1951 3395 1951 3537 1955 3541 1955 3944 1914 3948 1869 3944 1718 3130 1732 2929 1722 2545 1700 2541 1700 2307 1722 2307 1850"/></Shape>
	    <String CONTENT="raconter. De qui la puissẽce"
                    HPOS="2303"
                    VPOS="1700"
                    WIDTH="1645"
                    HEIGHT="255"
                    WC="0.9879888172807365"></String>
          </TextLine>
          <TextLine ID="eSc_line_d21ea69c"
                    TAGREFS="LT8"
                    BASELINE="2298 2065 4104 2047" 
                    HPOS="2294"
                    VPOS="1905"
                    WIDTH="1810"
                    HEIGHT="252">
            <Shape><Polygon POINTS="2298 2065 2298 2111 2481 2111 2486 2111 2536 2152 2541 2152 2545 2152 2550 2157 2700 2157 2700 2152 2705 2152 2710 2152 2710 2147 2751 2111 3011 2147 3016 2147 3020 2147 3025 2147 3066 2115 3409 2143 3413 2143 3418 2143 3423 2143 3423 2138 3459 2111 3573 2134 3578 2134 4099 2093 4104 2047 4094 1933 3601 1905 3596 1905 3592 1905 3532 1933 3249 1914 3244 1914 3121 1937 2888 1910 2883 1910 2710 1942 2646 1914 2641 1914 2637 1914 2463 1937 2390 1914 2385 1914 2381 1914 2376 1914 2294 1942 2298 2065"/></Shape>
	    <String CONTENT="en ne puet autre qui soit creee"
                    HPOS="2294"
                    VPOS="1905"
                    WIDTH="1810"
                    HEIGHT="252"
                    WC="0.9849345664824208"></String>
          </TextLine>
          <TextLine ID="eSc_line_848a17be"
                    TAGREFS="LT8"
                    BASELINE="2294 2266 3912 2275" 
                    HPOS="2289"
                    VPOS="2115"
                    WIDTH="1623"
                    HEIGHT="247">
            <Shape><Polygon POINTS="2294 2266 2289 2344 2870 2358 2874 2358 2879 2358 2883 2358 2883 2353 2902 2339 2915 2321 2998 2321 3030 2335 3071 2358 3075 2358 3080 2358 3084 2358 3153 2335 3176 2326 3185 2335 3212 2358 3217 2358 3221 2358 3226 2358 3231 2358 3235 2358 3235 2353 3258 2330 3267 2326 3464 2326 3477 2330 3551 2362 3555 2362 3560 2362 3564 2362 3569 2362 3619 2326 3628 2326 3907 2326 3912 2275 3912 2152 3802 2120 3797 2120 3793 2120 3788 2120 3688 2147 3432 2120 3427 2120 3139 2147 3107 2147 3103 2147 3039 2115 3034 2115 3030 2115 2627 2143 2614 2143 2586 2120 2586 2115 2582 2115 2577 2115 2573 2115 2431 2138 2376 2115 2371 2115 2367 2115 2362 2115 2294 2138 2294 2266"/></Shape>
	    <String CONTENT="cree comparer. Et de qui la"
                    HPOS="2289"
                    VPOS="2115"
                    WIDTH="1623"
                    HEIGHT="247"
                    WC="0.9786942380445974"></String>
          </TextLine>
          <TextLine ID="eSc_line_0d701941"
                    TAGREFS="LT8"
                    BASELINE="2303 2463 3921 2476" 
                    HPOS="2298"
                    VPOS="2326"
                    WIDTH="1623"
                    HEIGHT="228">
            <Shape><Polygon POINTS="2303 2463 2298 2504 2362 2540 2367 2540 2371 2540 2376 2540 2381 2540 2385 2540 2385 2536 2422 2504 2838 2504 3126 2531 3130 2531 3304 2508 3409 2550 3413 2550 3418 2554 3852 2554 3852 2550 3857 2550 3861 2550 3916 2508 3921 2476 3916 2326 2303 2330 2303 2463"/></Shape>
	    <String CONTENT="cruaute est tele que nũs ne"
                    HPOS="2298"
                    VPOS="2326"
                    WIDTH="1623"
                    HEIGHT="228"
                    WC="0.9839626678398677"></String>
          </TextLine>
          <TextLine ID="eSc_line_ce317fc5"
                    TAGREFS="LT8"
                    BASELINE="2303 2668 3857 2682" 
                    HPOS="2303"
                    VPOS="2499"
                    WIDTH="1554"
                    HEIGHT="261">
            <Shape><Polygon POINTS="2303 2668 2303 2732 2367 2719 2445 2732 2545 2751 2550 2751 2554 2751 2559 2751 2586 2732 2618 2714 3002 2714 3048 2728 3162 2755 3500 2760 3505 2760 3509 2760 3651 2723 3656 2723 3852 2723 3857 2682 3848 2518 3441 2531 3427 2518 3413 2508 3413 2504 3409 2504 3404 2504 3139 2499 3135 2499 3130 2499 3126 2499 3094 2522 3066 2540 2924 2540 2911 2522 2902 2518 2902 2513 2897 2513 2892 2513 2888 2513 2303 2527 2303 2668"/></Shape>
	    <String CONTENT="la puet saouler. ¶Cest le"
                    HPOS="2303"
                    VPOS="2499"
                    WIDTH="1554"
                    HEIGHT="261"
                    WC="0.9695183229446411"></String>
          </TextLine>
          <TextLine ID="eSc_line_1ffe7c48"
                    TAGREFS="LT8"
                    BASELINE="2298 2865 3994 2879" 
                    HPOS="2294"
                    VPOS="2710"
                    WIDTH="1700"
                    HEIGHT="260">
            <Shape><Polygon POINTS="2294 2947 2751 2956 2755 2956 2760 2956 2792 2943 2842 2920 2984 2938 3139 2961 3144 2961 3148 2961 3153 2961 3153 2956 3176 2938 3190 2924 3249 2924 3281 2933 3340 2961 3345 2961 3349 2961 3587 2933 3619 2929 3624 2929 3697 2965 3701 2965 3706 2970 3870 2970 3870 2965 3875 2965 3989 2924 3994 2879 3989 2746 3436 2746 3418 2732 3400 2719 3395 2719 3391 2719 3386 2719 3162 2728 2874 2737 2847 2719 2842 2714 2838 2714 2833 2714 2828 2714 2728 2719 2390 2732 2303 2710 2298 2865 2294 2947"/></Shape>
	    <String CONTENT="dragon du quel il est escript"
                    HPOS="2294"
                    VPOS="2710"
                    WIDTH="1700"
                    HEIGHT="260"
                    WC="0.9980214567020022"></String>
          </TextLine>
          <TextLine ID="eSc_line_8f114f24"
                    TAGREFS="LT8"
                    BASELINE="2298 3071 3778 3084" 
                    HPOS="2284"
                    VPOS="2899"
                    WIDTH="1489"
                    HEIGHT="274">
            <Shape><Polygon POINTS="2291 2920 2291 3064 2284 3160 3759 3173 3773 3077 3766 2927 2312 2899 2291 2920"/></Shape>
	    <String CONTENT="en lapocalipse qui auoit"
                    HPOS="2284"
                    VPOS="2899"
                    WIDTH="1489"
                    HEIGHT="274"
                    WC="0.9707220618923506"></String>
          </TextLine>
          <TextLine ID="eSc_line_b7928455"
                    TAGREFS="LT8"
                    BASELINE="2298 3285 3861 3285" 
                    HPOS="2298"
                    VPOS="3153"
                    WIDTH="1563"
                    HEIGHT="215">
            <Shape><Polygon POINTS="2298 3285 2298 3368 2586 3368 2586 3363 2591 3363 2614 3354 2714 3322 2929 3322 2966 3345 2984 3363 2988 3363 2993 3363 2998 3363 3089 3340 3176 3322 3212 3340 3267 3363 3272 3363 3276 3363 3861 3317 3861 3285 3861 3153 2298 3153 2298 3285"/></Shape>
	    <String CONTENT="sept chies et .x.cornes. Et"
                    HPOS="2298"
                    VPOS="3153"
                    WIDTH="1563"
                    HEIGHT="215"
                    WC="0.9748146357359709"></String>
          </TextLine>
          <TextLine ID="eSc_line_b3e87725"
                    TAGREFS="LT8"
                    BASELINE="2298 3491 3912 3482" 
                    HPOS="2294"
                    VPOS="3326"
                    WIDTH="1618"
                    HEIGHT="247">
            <Shape><Polygon POINTS="2298 3491 2298 3550 2659 3573 2664 3573 2669 3573 2673 3573 2705 3546 2728 3532 3098 3532 3112 3537 3158 3560 3162 3560 3167 3560 3317 3537 3363 3528 3377 3532 3418 3569 3423 3569 3427 3569 3432 3573 3724 3573 3724 3569 3729 3569 3733 3569 3779 3532 3907 3523 3912 3482 3902 3354 3263 3354 3258 3349 3226 3326 3221 3326 3217 3326 3212 3326 3121 3349 3084 3354 3043 3345 2956 3331 2952 3331 2294 3340 2298 3491"/></Shape>
	    <String CONTENT="proprement il a .uii. chies"
                    HPOS="2294"
                    VPOS="3326"
                    WIDTH="1618"
                    HEIGHT="247"
                    WC="0.9763398965199789"></String>
          </TextLine>
          <TextLine ID="eSc_line_1af25918"
                    TAGREFS="LT8"
                    BASELINE="2298 3687 3976 3678" 
                    HPOS="2294"
                    VPOS="3528"
                    WIDTH="1682"
                    HEIGHT="246">
            <Shape><Polygon POINTS="2298 3687 2303 3774 2426 3738 2623 3770 2632 3770 2637 3770 2641 3770 2714 3738 3084 3765 3139 3765 3144 3765 3971 3747 3976 3678 3966 3550 3185 3528 3180 3528 2294 3555 2298 3687"/></Shape>
	    <String CONTENT="et .uii. testes quar il tempte"
                    HPOS="2294"
                    VPOS="3528"
                    WIDTH="1682"
                    HEIGHT="246"
                    WC="0.9686612665653229"></String>
          </TextLine>
          <TextLine ID="eSc_line_f9cf5ab7"
                    TAGREFS="LT8"
                    BASELINE="2298 3879 3893 3889" 
                    HPOS="2294"
                    VPOS="3719"
                    WIDTH="1599"
                    HEIGHT="252">
            <Shape><Polygon POINTS="2298 3879 2294 3916 2490 3921 2554 3962 2559 3962 2563 3962 3094 3966 3098 3971 3217 3971 3217 3966 3221 3966 3226 3966 3267 3934 3473 3934 3569 3966 3573 3966 3578 3966 3583 3966 3587 3966 3633 3930 3889 3930 3893 3889 3889 3761 3679 3724 3674 3724 3669 3724 3665 3724 3619 3756 3555 3724 3551 3724 3546 3724 3345 3756 3317 3756 3272 3751 2966 3724 2961 3724 2956 3724 2874 3751 2865 3756 2609 3756 2600 3747 2563 3719 2559 3719 2554 3719 2550 3719 2298 3742 2298 3879"/></Shape>
	    <String CONTENT="de̾ .uii. pechiez mortelz. Et"
                    HPOS="2294"
                    VPOS="3719"
                    WIDTH="1599"
                    HEIGHT="252"></String>
          </TextLine>
          <TextLine ID="eSc_line_f38c128c"
                    TAGREFS="LT8"
                    BASELINE="2307 4090 3985 4076" 
                    HPOS="2303"
                    VPOS="3939"
                    WIDTH="1682"
                    HEIGHT="228">
            <Shape><Polygon POINTS="2307 4090 2307 4140 2856 4167 2860 4167 3203 4163 3208 4163 3212 4163 3240 4140 3249 4131 3596 4131 3610 4140 3637 4158 3642 4158 3647 4158 3651 4158 3980 4135 3985 4076 3976 3948 2303 3939 2307 4090"/></Shape>
	    <String CONTENT="auec ce il a cornes en nom-"
                    HPOS="2303"
                    VPOS="3939"
                    WIDTH="1682"
                    HEIGHT="228"
                    WC="0.9915432488476789"></String>
          </TextLine>
          <TextLine ID="eSc_line_553b18bf"
                    TAGREFS="LT8"
                    BASELINE="2303 4291 3806 4282" 
                    HPOS="2298"
                    VPOS="4126"
                    WIDTH="1508"
                    HEIGHT="233">
            <Shape><Polygon POINTS="2303 4291 2303 4323 2367 4355 2371 4355 2376 4359 2477 4359 2477 4355 2481 4355 2486 4355 2486 4350 2513 4323 2582 4355 2586 4355 2591 4355 2838 4327 2938 4355 2943 4355 2947 4355 3098 4318 3112 4318 3171 4318 3656 4341 3660 4341 3802 4314 3806 4282 3797 4149 3052 4126 3048 4126 3043 4126 3039 4126 3016 4149 3011 4154 2298 4154 2303 4291"/></Shape>
	    <String CONTENT="bre de .x. quar il de tout"
                    HPOS="2298"
                    VPOS="4126"
                    WIDTH="1508"
                    HEIGHT="233"
                    WC="0.973672133225661"></String>
          </TextLine>
          <TextLine ID="eSc_line_a32f2c04"
                    TAGREFS="LT8"
                    BASELINE="2303 4483 3907 4492" 
                    HPOS="2298"
                    VPOS="4323"
                    WIDTH="1609"
                    HEIGHT="247">
            <Shape><Polygon POINTS="2298 4524 2554 4560 2559 4560 2998 4538 3098 4565 3103 4565 3107 4570 3295 4570 3295 4565 3299 4565 3359 4538 3742 4565 3747 4565 3902 4533 3907 4492 3902 4359 3569 4332 3564 4332 3363 4346 3208 4355 3153 4341 3107 4327 3103 4327 3098 4327 3094 4327 3062 4336 3030 4350 3016 4336 3007 4327 3002 4327 2998 4327 2993 4327 2911 4336 2769 4350 2742 4332 2737 4327 2732 4327 2728 4327 2723 4327 2719 4327 2714 4327 2714 4332 2691 4355 2399 4355 2307 4323 2303 4483 2298 4524"/></Shape>
	    <String CONTENT="son pooir sefforce de nous"
                    HPOS="2298"
                    VPOS="4323"
                    WIDTH="1609"
                    HEIGHT="247"
                    WC="0.9717409427349384"></String>
          </TextLine>
          <TextLine ID="eSc_line_d497166a"
                    TAGREFS="LT8"
                    BASELINE="2298 4693 3971 4684" 
                    HPOS="2294"
                    VPOS="4538"
                    WIDTH="1677"
                    HEIGHT="219">
            <Shape><Polygon POINTS="2298 4693 2298 4725 2938 4757 2943 4757 3162 4720 3185 4720 3199 4720 3299 4748 3304 4748 3308 4748 3628 4720 3642 4720 3647 4720 3797 4752 3802 4752 3966 4716 3971 4684 3957 4538 2294 4538 2298 4693"/></Shape>
	    <String CONTENT="faire trespasser les .x. com̃de"
                    HPOS="2294"
                    VPOS="4538"
                    WIDTH="1677"
                    HEIGHT="219"
                    WC="0.9948742158951298"></String>
          </TextLine>
          <TextLine ID="eSc_line_3f1f1742"
                    TAGREFS="LT8"
                    BASELINE="2298 4889 3953 4899" 
                    HPOS="2294"
                    VPOS="4720"
                    WIDTH="1659"
                    HEIGHT="261">
            <Shape><Polygon POINTS="2298 4889 2294 4931 2851 4931 2906 4953 2911 4953 2915 4953 3002 4935 3121 4976 3126 4976 3130 4981 3573 4981 3573 4976 3578 4976 3706 4935 3848 4976 3852 4976 3857 4976 3861 4976 3948 4931 3953 4899 3953 4784 3834 4752 3829 4752 3825 4752 3820 4752 3816 4752 3784 4780 3715 4780 3496 4780 3473 4775 3322 4725 3317 4725 3126 4720 3121 4720 3116 4720 2952 4761 2751 4739 2746 4739 2550 4757 2490 4734 2486 4734 2481 4734 2298 4752 2298 4889"/></Shape>
	    <String CONTENT="mens de dieu. ¶Apres noꝰ"
                    HPOS="2294"
                    VPOS="4720"
                    WIDTH="1659"
                    HEIGHT="261"
                    WC="0.9480169167121252"></String>
          </TextLine>
          <TextLine ID="eSc_line_c0a32947"
                    TAGREFS="LT8"
                    BASELINE="2298 5086 3930 5095" 
                    HPOS="2294"
                    VPOS="4926"
                    WIDTH="1636"
                    HEIGHT="228">
            <Shape><Polygon POINTS="2298 5086 2294 5127 3436 5154 3441 5154 3925 5132 3930 5095 3925 4963 3587 4935 3583 4935 3441 4953 3409 4958 3400 4953 3354 4931 3349 4931 3345 4931 3340 4931 3336 4931 3313 4953 3304 4963 3171 4963 3144 4953 3066 4926 3062 4926 3057 4926 2856 4931 2851 4931 2847 4931 2847 4935 2833 4949 2824 4953 2737 4949 2490 4926 2486 4926 2298 4940 2298 5086"/></Shape>
	    <String CONTENT="sõmes assailli et bien sou-"
                    HPOS="2294"
                    VPOS="4926"
                    WIDTH="1636"
                    HEIGHT="228"
                    WC="0.9909579541002002"></String>
          </TextLine>
          <TextLine ID="eSc_line_49909426"
                    TAGREFS="LT8"
                    BASELINE="2307 5282 3902 5292" 
                    HPOS="2303"
                    VPOS="5127"
                    WIDTH="1599"
                    HEIGHT="238">
            <Shape><Polygon POINTS="2307 5282 2303 5319 2371 5346 2376 5346 2381 5346 2659 5324 2774 5356 2778 5356 2783 5356 3098 5333 3203 5360 3208 5360 3212 5360 3217 5360 3313 5333 3345 5360 3349 5360 3354 5360 3359 5365 3482 5365 3482 5360 3487 5360 3546 5328 3898 5324 3902 5292 3898 5154 3226 5132 3221 5132 3217 5132 3176 5150 3167 5154 3148 5150 3066 5127 3062 5127 3057 5127 2929 5150 2915 5150 2307 5150 2307 5282"/></Shape>
	    <String CONTENT="uent et perilleusement des"
                    HPOS="2303"
                    VPOS="5127"
                    WIDTH="1599"
                    HEIGHT="238"
                    WC="0.9832148620715508"></String>
          </TextLine>
          <TextLine ID="eSc_line_be37e48b"
                    TAGREFS="LT8"
                    BASELINE="2294 5493 3944 5493" 
                    HPOS="2294"
                    VPOS="5356"
                    WIDTH="1650"
                    HEIGHT="210">
            <Shape><Polygon POINTS="3939 5356 2294 5356 2294 5493 2294 5566 3944 5566 3944 5493 3944 5488 3939 5356"/></Shape>
	    <String CONTENT="hõmes peruers et mauues."
                    HPOS="2294"
                    VPOS="5356"
                    WIDTH="1650"
                    HEIGHT="210"
                    WC="0.9904607129096985"></String>
          </TextLine>
          <TextLine ID="eSc_line_5913796a"
                    TAGREFS="LT8"
                    BASELINE="2275 5698 3857 5707" 
                    HPOS="2271"
                    VPOS="5538"
                    WIDTH="1586"
                    HEIGHT="256">
            <Shape><Polygon POINTS="2275 5698 2271 5758 2774 5785 2778 5785 2783 5785 2787 5785 2787 5781 2801 5771 2819 5753 3062 5753 3126 5776 3158 5790 3162 5790 3167 5794 3852 5794 3857 5707 3848 5552 2445 5561 2275 5538 2275 5698"/></Shape>
	    <String CONTENT="Les quiex aucunes foiz ꝑ"
                    HPOS="2271"
                    VPOS="5538"
                    WIDTH="1586"
                    HEIGHT="256"
                    WC="0.9591542507211367"></String>
          </TextLine>
          <TextLine ID="eSc_line_901d0000"
                    TAGREFS="LT8"
                    BASELINE="2280 5895 3857 5886" 
                    HPOS="2275"
                    VPOS="5744"
                    WIDTH="1582"
                    HEIGHT="260">
            <Shape><Polygon POINTS="2280 5895 2280 5963 2682 5963 2710 5972 2755 5986 2760 5986 2764 5986 2879 5972 2943 5963 2956 5972 2998 6004 3002 6004 3007 6004 3011 6004 3519 6000 3523 6000 3528 6000 3560 5972 3578 5963 3852 5972 3857 5886 3848 5767 2312 5744 2307 5744 2303 5744 2298 5744 2275 5758 2280 5895"/></Shape>
	    <String CONTENT="beles et douces paroles a"
                    HPOS="2275"
                    VPOS="5744"
                    WIDTH="1582"
                    HEIGHT="260"></String>
          </TextLine>
        </TextBlock>
        <TextBlock HPOS="4352"
                   VPOS="215"
                   WIDTH="512"
                   HEIGHT="205"
                   ID="eSc_textblock_82d39c06"
                   TAGREFS="BT15">
          <Shape><Polygon POINTS="4352 232 4352 420 4864 420 4864 215"/></Shape>
          <TextLine ID="eSc_line_128f5d12"
                    TAGREFS="LT8"
                    BASELINE="4405 356 4871 356" 
                    HPOS="4405"
                    VPOS="201"
                    WIDTH="466"
                    HEIGHT="214">
            <Shape><Polygon POINTS="4830 255 4780 255 4771 246 4725 205 4679 201 4442 201 4405 228 4405 356 4405 415 4871 393 4871 356 4867 351 4862 351"/></Shape>
	    <String CONTENT=".xi."
                    HPOS="4405"
                    VPOS="201"
                    WIDTH="466"
                    HEIGHT="214"></String>
          </TextLine>
        </TextBlock>
        <TextBlock HPOS="3880"
                   VPOS="2945"
                   WIDTH="462"
                   HEIGHT="208"
                   ID="eSc_textblock_970fb741"
                   TAGREFS="BT15">
          <Shape><Polygon POINTS="4331 2986 4342 3153 3888 3145 3880 2963 4141 2945"/></Shape>
          <TextLine ID="eSc_line_e5eea82c"
                    TAGREFS="LT8"
                    BASELINE="3864 3137 3889 3137 3940 3137 3965 3125 4003 3125 4091 3125 4116 3137 4129 3137 4167 3150 4280 3150" 
                    HPOS="3855"
                    VPOS="2872"
                    WIDTH="419"
                    HEIGHT="301">
            <Shape><Polygon POINTS="3862 3132 3855 3173 4267 3173 4274 3146 4274 2920 4144 2872 4137 2872 4130 2872 3862 2913 3862 3132"/></Shape>
	    <String CONTENT=".c.xvi."
                    HPOS="3855"
                    VPOS="2872"
                    WIDTH="419"
                    HEIGHT="301"></String>
          </TextLine>
        </TextBlock>
        <TextBlock HPOS="4420"
                   VPOS="215"
                   WIDTH="495"
                   HEIGHT="239"
                   ID="eSc_textblock_75376df5"
                   >
          <Shape><Polygon POINTS="4420 215 4420 454 4915 454 4915 215"/></Shape>
        </TextBlock>
        <TextBlock HPOS="3841"
                   VPOS="2949"
                   WIDTH="252"
                   HEIGHT="84"
                   ID="eSc_textblock_7e099983"
                   >
          <Shape><Polygon POINTS="4093 3033 4093 2949 3841 2949 3841 3033"/></Shape>
        </TextBlock>
      </PrintSpace>
    </Page>
  </Layout>
</alto>
