5194 8238
1490.0 1077.0 1629.0 261.0 ueons et esprouons souuẽt

1497.0 1297.0 1532.0 268.0 et mont nous tuichent

1497.0 1503.0 1601.0 254.0 au cuer et engendrent en

1497.0 1688.0 1574.0 254.0 nous grant tristece et do-

1497.0 1894.0 1553.0 282.0 leur. O dit un docteur cõ-

1497.0 2086.0 1677.0 254.0 ment sõmes nous angois-

1497.0 2313.0 1642.0 247.0 seusement trouble. dolereu-

1497.0 2526.0 1519.0 240.0 sement espoente quant

1511.0 2704.0 1553.0 247.0 nous sentons les mes-

1511.0 2903.0 1532.0 268.0 chiez et les domages de

1511.0 3075.0 1628.0 275.0 nos amis. qͣnt nons ueõs

1511.0 3302.0 1608.0 267.0 nos parenz et prochiens

1511.0 3487.0 1546.0 268.0 estre en peril. et nous sõ-

1511.0 3686.0 1635.0 261.0 mes en doubte de leur pe-

1511.0 3885.0 1553.0 275.0 ril. Qui est celi qui a le

1525.0 4112.0 1491.0 226.0 cuer et la uolente tant

1525.0 4290.0 1559.0 282.0 dure. cõme est pierre fer

1525.0 4524.0 1614.0 240.0 ou acier. qui nest esmeuz

1525.0 4723.0 1573.0 240.0 a plorer soupirer et lar-

1525.0 4915.0 1607.0 226.0 moyer. quant de son pro-

1525.0 5114.0 1539.0 240.0 chien parent ou ami il

1532.0 5292.0 1600.0 282.0 uoit la mort ou la grief

1538.0 5485.0 1588.0 274.0 maladie. ¶Nostre sau-

1525 5704 1559 344 veeur lh̾s selonc ce que

2981 384 1299 261 aduersite humainne

3476 1098 1573 240 il est escript en leuuangile

3448.0 1276.0 1594.0 248.0 saint Iehan quant il uit

3462.0 1489.0 1560.0 247.0 marie magdalene plorãt

3455.0 1695.0 1580.0 240.0 pour la mort de son ferere.

3476.0 1881.0 1511.0 281.0 ne se contint point que

3483.0 2073.0 1552.0 302.0 il ne plorast. Infremuit

3476.0 2286.0 1587.0 281.0 spiritu turbauit semetip̃m

3469.0 2505.0 1580.0 241.0 et lacrimatus est. Ne nest

3483.0 2711.0 1532.0 240.0 pas a entendre que il plo-

3483.0 2903.0 1477.0 268.0 rast seulement pour la

3483.0 3116.0 1539.0 240.0 mort du ladre. Mes prin-

3490.0 3308.0 1470.0 254.0 cipaument pour ce que

3497.0 3528.0 1477.0 240.0 celi qui mort estoit. aus

3503.0 3713.0 1519.0 248.0 miseres de ceste uie presen-

3503.0 3906.0 1519.0 247.0 te il rapeloit et reuenir fei-

3503.0 4077.0 1505.0 296.0 soir. ¶Et a declarer plus

3517.0 4318.0 1464.0 247.0 aꝑtement lauersite de ce

3503.0 4517.0 1484.0 261.0 monde. esprouons nous

3503.0 4709.0 1526.0 254.0 aucune forz que le temps.

3510.0 4922.0 1512.0 233.0 qui pour reposer nous est

3510.0 5100.0 1484.0 261.0 donnez. cest a sauoir qͣnt

3510.0 5292.0 1519.0 282.0 nous dormons. Ne nous

3503.0 5505.0 1464.0 241.0 est pas de repos. Mes de

3510.0 5704.0 1512.0 330.0 travail et de labeur. quar
