5434 8190
2007.0 518.0 614.0 301.0 prologue.

477.0 1010.0 1570.0 361.0 prudence. ¶Ainsi lisons

471.0 1296.0 1645.0 253.0 nous du Roy challemaig

464.0 1515.0 1583.0 239.0 ne de qui la memoire ne

464.0 1692.0 1679.0 280.0 doit point morir ne faillir.

457.0 1904.0 1672.0 259.0 Que il fu mont feruent

471.0 2115.0 1515.0 253.0 en lamour de sapience.

464.0 2327.0 1597.0 225.0 Fondeeur de̾ estudes. Pere et

471.0 2511.0 1583.0 259.0 promoteur des clers. et des

471.0 2736.0 1645.0 219.0 estudiens. enseigniez et en-

464.0 2900.0 1645.0 273.0 formez mont soufisẽment

464.0 3098.0 1590.0 266.0 en leitres des latins et des

457.0 3316.0 1584.0 246.0 grex. Ce fu cils qui les li-

471.0 3514.0 1529.0 246.0 ures especiaument de la

471.0 3705.0 1611.0 260.0 sainte escripture auoit gar-

471.0 3910.0 1542.0 232.0 doit et souuent estudioit.

450.0 4095.0 1625.0 252.0 Il nauoit pas mis en obli

484.0 4320.0 1611.0 239.0 une parole de boece. qͥ bien

477.0 4511.0 1577.0 218.0 feit a noter et a retenir. Et

464.0 4716.0 1693.0 238.0 est la parole tele. que selonc

464.0 4893.0 1665.0 232.0 la sentẽce de platon le bien

471.0 5111.0 1583.0 239.0 cõmun et les Royaumes

471.0 5316.0 1590.0 225.0 auroient grant prosperite

477.0 5487.0 1543.0 266.0 et grant beneurte. Se les

491.0 5719.0 1638.0 307.0 princes qui les gouu̾nent

2430.0 1146.0 1659.0 225.0 estoient apris et enlumine

2437.0 1289.0 1631.0 273.0 de la clarte de sapience. ¶Et

2443.0 1515.0 1584.0 266.0 pour ce que le sage Roy

2450.0 1733.0 1625.0 246.0 salomon dit. que la ou il

2430.0 1924.0 1645.0 253.0 na science qui apartient a

2437.0 2143.0 1658.0 225.0 lame. il ni a nul bien. pour

2443.0 2327.0 1605.0 232.0 tant tres noble et tres ex-

2437.0 2525.0 1515.0 245.0 cellent dame. Ma dame

2437.0 2736.0 1590.0 239.0 Iehanne Royne de france

2430.0 2900.0 1631.0 266.0 et de nauarre. considerãs.

2437.0 3132.0 1638.0 246.0 que tout ainsi que la pier-

2443.0 3337.0 1625.0 212.0 re precieuse assise en fin or

2443.0 3508.0 1618.0 252.0 est tres belle et tres replen-

2402.0 3726.0 1618.0 232.0 dissent tout aussi est il de

2443.0 3917.0 1516.0 232.0 uertu et de science assises

2450.0 4135.0 1577.0 226.0 en ame de noble et haute

2382.0 4306.0 1720.0 287.0 ꝑsonne. cõme sont Roys.

2430.0 4538.0 1686.0 225.0 Roynes. princes princesse̾.

2437.0 4736.0 1611.0 232.0 pour ce il li a pleu a moy

2443.0 4920.0 1625.0 260.0 petit et poure de lordre des

2443.0 5146.0 1509.0 225.0 freres meneurs cõmetre

2471.0 5337.0 1556.0 245.0 un petit liure moral et

2443.0 5507.0 1557.0 273.0 assez profitable. de latin

2437.0 5726.0 1549.0 307.0 translater en fransois et

0.0 4354.0 218.0 246.0 oece

4587.0 129.0 403.0 266.0 .ii.
