5183 8214
1485 1047 1596 253 misere parle iob mont pro-

1492 1286 1397 247 prement qui dit ainsi.

1478 1471 1568 274 Homo natus de mulie-

1478 1690 1589 247 re breui uiuens tempore re

1478 1896 1561 294 pletur multis miseris. ⁊ c̾.

1478 2101 1582 239 ¶En exposent ceste parole

1478 2293 1507 260 dit Saint bernait. hõme

1485 2491 1582 260 dit il nez de fẽme. de qui la

1472 2690 1581 253 uie est mont brief ⁊ courte.

1485 2888 1548 267 est rempliz de mont de mi-

1478 3093 1500 240 seres. Et certeĩnement de

1485 3292 1500 260 meintes et multipliees.

1465 3477 1602 274 De misere de corps. de mi-

1465 3696 1650 233 sere de cuer. de misere en dor-

1492 3908 1616 233 ment en ueillant. et en tra-

1458 4093 1602 280 ueillant et de misere quelq̃

1458 4291 1534 288 part il se uueut tourner.

1458 4490 1588 287 ¶Et ainsi apert clerement

1458 4709 1547 246 la misere de nr̃e fragilite.

1944 4901 1061 266 La seconde misere

1944 5113 1143 253 pour nous humi-

1458 5284 1657 253 lier. est temporele aduersite.

1458 5476 1561 266 De la quele nous sõmes

1458 5681 1602 335 continuelment afflit ⁊ mo

301 2299 856 302 S. Bernart

2889 321 657 295 aduersite

3416 1047 1479 287 leste. et en y a pluseurs q̃

3416 1273 1424 253 nous sentons en nous

3416 1464 1493 281 souuent par experience. De

3430 1697 1458 253 quiex dit Innocent pape.

3416 1896 1506 260 en .i. liure que il fait de la

3430 2101 1533 253 uilte de condicion humein-

3423 2299 1520 219 ne. en tel maniere. O dit il

3430 2477 1520 267 cõme hõme mortel est mis

3437 2703 1499 254 en grant angoisse. en gͣnt

3430 2888 1547 260 soing et en grant cure qui

3430 3073 1513 260 le moleste. en grant poor.

3423 3285 1554 226 donc il est espoentez. Doleur

3430 3477 1451 232 le tourmente. tristece le

3437 3675 1499 233 trouble. turbation le fait

3437 3874 1472 274 triste. Le poure et le riche.

3443 4079 1514 288 le sergent et le seigneur. Le

3437 4305 1485 219 marie et le continent. Le

3430 4490 1561 253 bon et le mauues. Et a bri-

3437 4695 1485 247 efment parler touz gene-

3437 4894 1458 246 raument des aduersitez

3437 5072 1478 280 mondaĩnes sont tormẽ-

3443 5311 1472 247 tez. Qui est il ou monde.

3443 5510 1459 232 qui onques ot un seul

3478 5681 1444 274 iour entier. en solaz et de-
