5386 8178
361.0 1042.0 1554.0 239.0 duit. en ioie et delit sens

368.0 1226.0 1595.0 252.0 aucune aduersite. Qui est

361.0 1458.0 1643.0 232.0 celi le quel aucun domage.

374.0 1649.0 1623.0 279.0 offense et desplaisence. ou

361.0 1880.0 1629.0 273.0 aucune passion nesmeuue

354.0 2092.0 1568.0 252.0 en aucun temps. Qui est

354.0 2296.0 1629.0 232.0 celi qui onques ne fu trou-

347.0 2480.0 1602.0 252.0 blez de chose que il oist que

361.0 2685.0 1527.0 252.0 il ueist. que en li deist. ou

361.0 2855.0 1595.0 273.0 que en li feist. ¶Veritez est

354.0 3080.0 1554.0 259.0 que touz iours apres hu-

368.0 3305.0 1581.0 225.0 meĩne ioie et leeice. sensuit

354.0 3489.0 1554.0 245.0 doleur aduersite et tristece.

347.0 3686.0 1527.0 253.0 Bien le sauoit et esproue

354.0 3898.0 1575.0 218.0 lauoit le sage roy Salo-

354.0 4089.0 1548.0 252.0 mon. qui disoit en son li-

361.0 4300.0 1547.0 231.0 ure qui est apelez prouer

368.0 4470.0 1486.0 286.0 bes. Risus dolore misce-

347.0 4702.0 1493.0 259.0 bitur. Cest a dire. que ris

347.0 4879.0 1616.0 273.0 ioie et consolacion est mes-

354.0 5083.0 1548.0 246.0 lee en doleur tristece et deso-

354.0 5274.0 1589.0 266.0 lacion. et a la fin de ioie ist

361.0 5492.0 1602.0 259.0 tristece et pleur. quar soub-

340.0 5663.0 1568.0 327.0 deĩnement. quant pas ny

1765 381 689 348 humaĩne

2311.0 1090.0 1650.0 232.0 pensons. ne garde ne nous

2324.0 1253.0 1589.0 239.0 donnons et de rien ne noꝰ

2318.0 1465.0 1574.0 266.0 doubtons uient un gͣnt

2324.0 1649.0 1616.0 245.0 mechief. une maladie et

2331.0 1867.0 1609.0 279.0 souuent la mort que nũs

2283.0 2071.0 1534.0 259.0 ne puet fuir ne eschaper.

2283.0 2262.0 1650.0 286.0 ¶Et pour tant disoit le sa-

2318.0 2501.0 1615.0 231.0 ge salomon en prouerbes.

2290.0 2664.0 1609.0 300.0 De glorieris in crastinũ

2318.0 2875.0 1609.0 266.0 ignorans quid suꝑueniẽs

2324.0 3100.0 1582.0 232.0 pariat dies. Cest a dire. tu

2318.0 3284.0 1581.0 246.0 ne te doiz mie glorifier ne

2318.0 3468.0 1629.0 225.0 toy trop atendre et fier ou

2311.0 3686.0 1568.0 239.0 temps a auenir quar tu

2324.0 3870.0 1623.0 280.0 ne puez sauoir quel chose

2324.0 4082.0 1548.0 252.0 ten auenra. ¶Apres les

2318.0 4259.0 1649.0 279.0 aduersitez qui nous uien-

2318.0 4470.0 1629.0 259.0 nent de nous ne sont pas

2311.0 4681.0 1677.0 266.0 seules. Mes en auons plu-

2311.0 4886.0 1541.0 245.0 seurs autres qui nous

2311.0 5097.0 1547.0 218.0 touchent mont souuent

2318.0 5267.0 1568.0 266.0 et tres grieues. de par noꝰ

2318.0 5465.0 1568.0 286.0 amis. Des quiex les mi-

2297 5704 1534 279 seres et aduersitez nous

2856.0 463.0 382.0 225.0 .ix.

6.0 4477.0 416.0 300.0 .c.xiiii.

3954 2392 463 361 c.xxuii.
