5314 8190
1844 527 446 296 pechie

368 1082 1558 232 gregoire. Se en nous ne

359 1283 1562 250 regne pechie et iniquite.

359 1492 1576 232 nuire ne nous puet adu̾-

364 1683 1571 264 site. ¶ Et doiz sauoir que

359 1892 1603 241 les mechiez et miseres des-

350 2093 1594 263 seur dites apartiẽnent pͥn

355 2315 1584 228 cipaument au corps et ren-

364 2516 1571 223 dent le corps poure chetif ⁊

355 2693 1580 232 miserable. Mes la misere

364 2902 1603 232 de pechie aꝑtenant a lame

364 3103 1548 204 la rent et feit soubrete a

336 3285 1612 259 toute maleuite. ¶ Et tout

359 3494 1608 223 ainsi que la dignete de la-

368 3726 1580 196 me. seurmonte de touz les

346 3899 1571 241 corps qui furent. sont et

355 4095 1644 241 seront la noblece. Aussi la

368 4295 1544 241 misere de lame senz com-

364 4509 1543 227 paroisson est plus uil et

368 4695 1549 246 plus leide que la misere

359 4900 1567 236 du corps queconques ele

364 5068 1571 282 soi. ¶Otres grief necessi-

364 5309 1598 232 te. o condicion de tres gͣnt

373 5519 1575 227 maleurte qͣr auãt q̃ nous

373 5682 1562 287 puissiens pechier nous sõ-

2235 1073 1717 251 mes ia en pechie enlacie. et o-

2294 1283 1599 241 bligie. auant que nous

2299 1465 1635 236 aiens feit bien ou mal noꝰ

2290 1688 1580 223 sõmes fil dire courpable

2290 1874 1630 237 de mort et enfant de perdi-

2281 2052 1639 286 tion. ¶ Et ceste misere noꝰ

2290 2306 1594 232 encorons nõ mie par nr̃e

2290 2488 1653 232 uolente ne par nostre pro-

2308 2707 1594 223 pre feit. Mes par le feit de

2304 2880 1602 273 nos premiers peres. ¶ Et

2299 3098 1566 250 ceste misere est nõmee des

2304 3326 1639 213 sains et des docteurs pechie

2244 3503 1681 228 originel. quar il nous ui-

2258 3699 1612 223 ent de nostre naissence.

2149 3853 1744 292 ¶De la quele misere puis-

2140 4085 1821 264 que par le sacrement de bap-

2281 4308 1666 196 tesme nous auons este de-

2294 4513 1590 246 liure. par le consentemẽt

2285 4704 1676 250 de nostre uolente. et par no̾

2276 4895 1621 241 propres euures nous noꝰ

2272 5100 1685 237 metons a souueraĩne mi-

2249 5287 1612 264 sere. Et cest quant nous

2267 5496 1608 250 pechons mortelment. De

2235 5687 1735 296 ceste misere dit salmons en

4248 116 676 273 .xv.
