5266 8214
2937.0 355.0 740.0 329.0 Cognoistre

1431.0 1047.0 1527.0 274.0 La premiere conclusion

1444.0 1273.0 1562.0 273.0 est cõment sage dame et

1431.0 1492.0 1540.0 246.0 royne doit diligẽment

1451.0 1711.0 1507.0 232.0 penser la condicion de

1451.0 1916.0 1582.0 226.0 sa nature. Secondemẽt

1444.0 2101.0 1610.0 260.0 la promocion de sa fortu-

1444.0 2293.0 1589.0 267.0 ne. Tiercement la ꝑfectiõ

1451.0 2498.0 1582.0 260.0 qui li est dehue cest grace

1444 2696 1569 302 diune. La condicion de

1924 2909 1013 260 nostre nature.

1917.0 3107.0 1150.0 240.0 En considerant la con-

1492.0 3271.0 1514.0 295.0 dicion de nostre nature.

1424.0 3511.0 1609.0 246.0 nous trouuerons matie-

1431.0 3696.0 1561.0 253.0 re et cause de nous hu-

1465.0 3929.0 1602.0 239.0 milier. et de nous po pri-

1472.0 4093.0 1609.0 260.0 sier. A quoy est necessaire

1465.0 4298.0 1589.0 274.0 deuant toutes choses: a-

1485.0 4504.0 1548.0 273.0 uoir cognoissence de soy

1485 4736 1658 233 meĩmes. Premier chapitre

1472 4907 1746 233 auoir cognoissence de soy meisme.

1896.0 5099.0 1110.0 281.0 Se il est donc ainsi

1896.0 5298.0 1164.0 266.0 que tu meites ton

1479.0 5510.0 1602.0 287.0 cuer et testude a auoir cog-

1472.0 5729.0 1595.0 321.0 noissence de toy; premiere-

3410.0 1149.0 1499.0 206.0 ment tu auras matiere

3410.0 1300.0 1568.0 253.0 nõpas de toy enorguillir.

3403.0 1485.0 1568.0 281.0 Mais de toy petit prisier.

3410.0 1704.0 1527.0 267.0 Et a ce nous amoneste

3403.0 1937.0 1602.0 212.0 Saint bernart. qui dit en

3417.0 2115.0 1568.0 246.0 tel maniere. Ie te conseille

3423.0 2313.0 1562.0 240.0 q̃ ta consideration cõmence

3417.0 2512.0 1540.0 246.0 a toy cognoistre a ceste fin

3417.0 2717.0 1465.0 233.0 que tu ne te occupes mie

3430.0 2902.0 1589.0 267.0 pour neãt toy laissie mis en

3423.0 3107.0 1521.0 253.0 obli. et a nonchaloir que

3417.0 3319.0 1581.0 240.0 te profiteroit il se tu gaai-

3430.0 3518.0 1500.0 253.0 gnoies tout le monde. et

3423.0 3716.0 1459.0 267.0 toy tout seul tu ꝑdoies.

3417.0 3922.0 1506.0 232.0 Quar se il auenoit que

3430.0 4134.0 1548.0 226.0 tu cegneusses touz les mi-

3417.0 4305.0 1492.0 281.0 steres et secrez de dieu la

3423.0 4545.0 1527.0 219.0 hauteice du ciel. le le de la

3430.0 4723.0 1548.0 260.0 terre. le parfont de la mer.

3369.0 4914.0 1595.0 260.0 Se tu nas de ton estat co-

3410.0 5120.0 1499.0 267.0 gnoissence tu ressemble-

3423.0 5339.0 1575.0 219.0 ras celi qui edifie senz fon-

3423.0 5530.0 1569.0 254.0 dement de qui ledifice trait

3430.0 5729.0 1520.0 315.0 a ruine et ne se puet sou-

5087.0 1971.0 144.0 246.0 b̾na
