5278 8202
237 1057 1627 246 et par grant presumption

232 1239 1673 255 par les choses autre foiz es-

241 1453 1618 246 prouees que ton secret po-

241 1640 1609 241 int ne garderoit senz le re-

241 1863 1573 233 ueler. Et rent le prophete

246 2055 1549 237 et assigne la cause. quar

250 2260 1600 214 souuent le fil fait uilenie

255 2451 1641 241 a son pere. Et la fille seslie-

259 2670 1668 223 ue par orgueil contre sa me-

259 2870 1659 228 re. Et bien auient que ceux

268 3062 1637 250 qui sont plus pres et plus

282 3267 1650 250 priue. sont plus fort ⁊ plus

291 3472 1737 232 perilleus enemi. quar il

287 3668 1508 223 sont tel qui sont enemi

282 3859 1641 237 couuert et pour ce il fierent

287 4059 1609 260 a descouuert. ¶Et tiex ma-

296 4283 1522 218 nieres de gens aucunes

296 4488 1613 200 foiz sont ueuz demorer et

300 4693 1637 214 repeirier es courz meisons.

300 4852 1655 265 et hostier Royaus. ¶ Et se

300 5080 1541 210 tu demandes quiex gens

305 5267 1604 219 ce sont. Ie te respon brief-

305 5454 1636 255 ment que ce sont flateeur

300 5650 1555 273 lobeeur manteeur. Des

1545 437 1034 237 Lassaut de la char.

2237 1038 1536 233 quier nũs prince ne se

2233 1253 1540 218 puet uenter que il nen

2242 1439 1563 210 ait en sa court pluseurs

2242 1649 1600 191 combien que il ne soient

2251 1840 1632 269 pas cogneu. ¶ De ceste ma-

2251 2064 1500 237 niere de gent autre foiz

2178 2246 643 241 dirons.

2711 2460 1158 210 Le tiers enemi qui

2707 2647 1112 210 nous assaut est

2278 2820 1509 292 nostre propre char que

2256 3062 1599 246 nous portons. De la q̃le

2256 3285 1659 237 nous sentons continuel-

2251 3485 1568 219 ment rebellion selons ce

2260 3668 1623 255 que dit. Saint pol en les-

2265 3882 1581 209 pitre que il fait a ceus de

2269 4073 1582 251 galathas Caro concu-

2274 4287 1718 196 piscit aduersus spiritum ⁊ c̃

2260 4497 1646 223 Il uueut dire que il a touz

2265 4675 1613 246 iours guerre entre le corpz

2237 4861 1609 260 et lame la char et lesperit.

2411 5048 1526 255 ¶Ceste guerre. de tant q̃lle

2269 5253 1655 260 nous est plus prochiẽne.

2274 5463 1654 264 de tant est plus perilleuse

2283 5663 1618 292 quar ñs ne puet nuire

4398 4105 310 187 .c.v.

4095 184 759 362 .xii.
