5183 8214
1485.0 1047.0 1596.0 253.0 misere parle iob mont pro-

1492.0 1286.0 1397.0 247.0 prement qui dit ainsi.

1478.0 1471.0 1568.0 274.0 Homo natus de mulie-

1478.0 1690.0 1589.0 247.0 re breui uiuens tempore re

1478.0 1896.0 1561.0 294.0 pletur multis miseris. ⁊ c̾.

1478.0 2101.0 1582.0 239.0 ¶En exposent ceste parole

1478.0 2293.0 1507.0 260.0 dit Saint bernait. hõme

1485.0 2491.0 1582.0 260.0 dit il nez de fẽme. de qui la

1478.0 2696.0 1582.0 240.0 uie est mont brief ⁊ courte.

1492.0 2888.0 1547.0 267.0 est rempliz de mont de mi-

1485.0 3100.0 1500.0 226.0 seres. Et certeĩnement de

1492.0 3292.0 1500.0 260.0 meintes et multipliees.

1478.0 3490.0 1596.0 267.0 De misere de corps. de mi-

1472.0 3682.0 1650.0 247.0 sere de cuer. de misere en dor-

1499.0 3908.0 1616.0 240.0 ment en ueillant. et en tra-

1465.0 4100.0 1602.0 253.0 ueillant et de misere quelq̃

1458.0 4291.0 1534.0 288.0 part il se uueut tourner.

1458.0 4490.0 1588.0 287.0 ¶Et ainsi apert clerement

1458.0 4709.0 1547.0 246.0 la misere de nr̃e fragilite.

1944.0 4901.0 1061.0 266.0 La seconde misere

1944.0 5113.0 1143.0 253.0 pour nous humi-

1458.0 5284.0 1657.0 253.0 lier. est temporele aduersite.

1458.0 5482.0 1561.0 260.0 De la quele nous sõmes

1458.0 5681.0 1602.0 335.0 continuelment afflit ⁊ mo

938.0 1492.0 403.0 232.0 .c.xiii.

2903.0 355.0 650.0 240.0 aduersite

3423.0 1033.0 1479.0 301.0 leste. et en y a pluseurs q̃

3423.0 1273.0 1424.0 253.0 nous sentons en nous

3423.0 1464.0 1492.0 281.0 souuent par experience. De

3437.0 1697.0 1458.0 253.0 quiex dit Innocent pape.

3423.0 1902.0 1506.0 254.0 en .i. liure que il fait de la

3437.0 2101.0 1533.0 253.0 uilte de condicion humein-

3430.0 2299.0 1520.0 219.0 ne. en tel maniere. O dit il

3437.0 2471.0 1520.0 273.0 cõme hõme mortel est mis

3443.0 2703.0 1500.0 247.0 en grant angoisse. en gͣnt

3437.0 2888.0 1547.0 267.0 soing et en grant cure qui

3437.0 3059.0 1513.0 274.0 le moleste. en grant poor.

3430.0 3278.0 1554.0 260.0 donc il est espoentez. Doleur

3437.0 3477.0 1451.0 232.0 le tourmente. tristece le

3443.0 3675.0 1500.0 247.0 trouble. turbation le fait

3443.0 3874.0 1472.0 267.0 triste. Le poure et le riche.

3450.0 4072.0 1513.0 301.0 le sergent et le seigneur. Le

3450.0 4305.0 1479.0 212.0 marie et le continent. Le

3437.0 4497.0 1561.0 239.0 bon et le mauues. Et a bri-

3443.0 4695.0 1486.0 247.0 efment parler touz gene-

3443.0 4894.0 1459.0 253.0 raument des aduersitez

3443.0 5072.0 1479.0 267.0 mondaĩnes sont tormẽ-

3450.0 5311.0 1472.0 240.0 tez. Qui est il ou monde.

3450.0 5510.0 1459.0 246.0 qui onques ot un seul

3478 5681 1444 274 iour entier. en solaz et de-

301.0 2299.0 856.0 302.0 S. Bernart
