5314 8214
1711 1035 1461 215 Secondement les fẽmes

1488 1268 1630 228 ont tres grant et angois-

1492 1451 1653 255 seuse peĩne a lanfantemẽt.

1488 1656 1589 251 Et quant a ce diex li dit.

1492 1880 1607 210 tu enfanteras tes enfans

1492 2062 1690 256 en doleur. Ceste doleur sen-

1501 2272 1653 256 tent elles plus par experiẽ-

1497 2477 1630 242 ce.que ne porroit expͥmer

1497 2678 1566 228 nostre eloquence. Donc

1497 2870 1707 255 cest une des gregneurs an-

1501 3071 1676 255 goisses que en puisse sen-

1497 3276 1639 246 tir en ce monde. Teles an-

1501 3477 1598 246 goisses sont consines et

1492 3687 1598 237 seurs a la mort. Son en-

1492 3892 1557 242 fant conceu ele porte nõ

1479 4088 1538 251 mie senz ennui et senz

1488 4294 1639 241 grant peeur. Ele enfante

1483 4499 1562 237 mes cest a grant tuistece

1479 4700 1684 223 et ci grant doleur. Lenfant

1483 4882 1671 265 ne ele norrist a grant soĩg

1483 5088 1667 246 et a grant labeur. Et si le

1472 5284 1671 239 garde a grant instance et

1479 5489 1661 242 aucune foiz a grant pleur

1428 5663 1690 356 ¶ La tierce peĩne des fẽmes

3003 442 1160 251 enfermete en fẽme

3446 1040 1621 192 est seruise et subiection. Et

3451 1232 1652 287 de ceste dit diex a eue. Sub

3446 1451 1584 251 uiri potestate eris. Ti seras

3455 1651 1548 251 dit il souz la poissence de

3460 1852 1511 260 lõme. et il aura seur toy

3455 2080 1580 238 seignorie. ¶ Sauoir deuõs

3460 2286 1566 223 que deuant le pechie de nos

3451 2464 1543 242 premiers peres lõme ser-

3460 2651 1566 255 uist sa fame et la fẽme sõ

3455 2870 1562 251 mari et son baron par ser-

3442 3066 1566 256 uise damistie et de charite.

3455 3271 1543 238 et de franche uolente. Mes

3469 3481 1516 247 apres pechie il fu impose

3460 3678 1516 232 ala fẽme en peĩne quele

3460 3869 1538 256 feust subiecte a son mari.

3455 4075 1585 237 aussi cõme par condicion

3451 4284 1625 238 dune seruitute. Et ce seuent

3451 4481 1584 251 par experience sensible au-

3446 4691 1607 232 cuneᷤ qui ont mariz mõt

3451 4891 1589 242 diuers et deguisiez qui leur

3437 5078 1589 247 meĩnent mont male uie.

3362 5250 1671 294 ¶ Et ainsi par toutes les

3446 5485 1580 241 choses dessus dictes il aꝑt

3446 5695 1543 296 clerement la grandeur de
