5398 8226
1899.0 438.0 1242.0 322.0 de quoy hõme fu fait

397.0 1124.0 1592.0 233.0 die soigneusement a auoir

404.0 1302.0 1537.0 267.0 de toy cognoissence. quar

418.0 1508.0 1557.0 253.0 tu seras meilleurs. et feras

411.0 1720.0 1591.0 261.0 plus a loer se tu te cognois.

418.0 1912.0 1502.0 254.0 que se toy leissie et en ne-

418.0 2097.0 1598.0 288.0 gligence mis. tu cognois

418.0 2351.0 1598.0 192.0 soies les cours des estoiles.

411.0 2522.0 1550.0 254.0 les forces des herbes. les cõ

418.0 2735.0 1529.0 253.0 plexions des hõmes. et a-

411.0 2927.0 1557.0 260.0 uoies toute la science des

404.0 3146.0 1543.0 199.0 choses du ciel et de la terre.

390.0 3324.0 1647.0 274.0 ¶Et saint augustin en son

411.0 3544.0 1612.0 226.0 liure de confessions deman-

397.0 3722.0 1564.0 260.0 doit a nostre seigneur cog-

397.0 3921.0 1544.0 233.0 noissence de soy et apres

404.0 4113.0 1530.0 281.0 cognoissence de dieu. Do-

390.0 4311.0 1578.0 295.0 mine inquit nosse me et

404 4558 1571 213 nosse te . Secont chapitre.

775.0 4723.0 1193.0 274.0 La seconde chose qui

795.0 4935.0 1248.0 261.0 nous doit esmouoir

411.0 5148.0 1564.0 219.0 a nous humilier et po pri-

411.0 5319.0 1571.0 267.0 sier. est considerer lordure et

384.0 5525.0 1625.0 240.0 la uilte de nostre poure na-

384.0 5744.0 1605.0 295.0 ture. La quele est manife-

2366.0 1124.0 1619.0 226.0 stee et montree en .iii. choses

2400.0 1336.0 1571.0 213.0 par especial. quant ap̾sent.

2414.0 1521.0 1543.0 275.0 ¶Premierement en la ma-

2393.0 1727.0 1550.0 260.0 tiere de nostre premiere cre-

2373.0 1939.0 1584.0 247.0 acion et condicion de la q̃le

2373.0 2159.0 1522.0 233.0 tesmoigne la sainte escrip-

2366.0 2323.0 1612.0 275.0 ture Genesi̾ .iiͦ. que le p̾mier

2359.0 2550.0 1571.0 239.0 hõme adam nostre p̾miers

2380.0 2748.0 1570.0 254.0 peres fu formez quant au

2380.0 2940.0 1543.0 247.0 corps nõpas seulement de

2373.0 3146.0 1557.0 254.0 terre. qui est le plus uil de

2366.0 3338.0 1605.0 267.0 touz les elemens. Meis fu

2359.0 3557.0 1626.0 220.0 formez du limon de la terre.

2366.0 3742.0 1667.0 240.0 qui nest autre chose que boe.

2359.0 3962.0 1660.0 246.0 et ordure. pour ce dit lescrip-

2366.0 4140.0 1564.0 240.0 ture ou secont chapitre de

2359.0 4325.0 1530.0 281.0 genesi. Aormauit deus

2352.0 4544.0 1633.0 220.0 hominem de limo terre. et c̾.

2352.0 4736.0 1585.0 281.0 Et Iob disoit a nostre seig-

2338.0 4976.0 1557.0 206.0 neur en soy humiliant.

2345.0 5141.0 1612.0 281.0 Memento queso quod sic̃

2345.0 5353.0 1578.0 254.0 lutum feceris me. ⁊ c̃. Cest

2352.0 5566.0 1660.0 240.0 a dire tres douz diex souieg-

2373.0 5765.0 1577.0 301.0 ne toy que tu mas feit et

3443.0 445.0 253.0 302.0 .u.

4334.0 5100.0 247.0 233.0 .c.x.
