5398 8202
1892 446 383 232 enfer

378 1043 1637 255 est de honeste nõ mie chose

373 1225 1582 278 celee et reprote. ¶Et sene-

373 1453 1614 251 que qui fu paien. et mestre

373 1654 1642 246 lempereeur neron. disoit en

378 1854 1614 269 tel maniere. Nous nauõs

373 2086 1509 233 onques assez tencie ne

382 2269 1560 246 guerroie contre les uices.

382 2465 1587 237 Aus quiex tu doiz ꝑsecu-

392 2661 1518 218 tion feire senz fin et senz

382 2847 1569 265 mesure. ne fui. Et quecon-

387 3066 1577 242 que chose soit qui ton cuer

382 3253 1582 260 destruit dessire et dissipe. Se

387 3485 1591 210 tu ne le po aies autrement

392 3695 1541 228 de ton cuer traire ne oster

387 3873 1600 200 tu deuroies auant ton cuer

396 4069 1641 264 arachier. ¶ Or deuons donc

346 4265 1550 291 pechie hayr .vi. Chapitre.

478 4476 1444 267 Or y a encor une

718 4668 1279 266 misere qui est ape-

287 4830 1641 305 lee la misere denfer. qui

360 5071 1632 242 mont feit a redoubter. De

401 5294 1659 219 la quele dit dauid ou psau-

396 5458 1591 278 tier. Cadent suꝑ eos car-

405 5673 1477 250 bones in ignem deicies

2325 1038 1563 210 eos in miseriis non sub-

2334 1243 1595 237 sistent. Cest a dire que ca

2329 1462 1596 246 charbons ardenz charront

2343 1672 1600 246 seur les dampnez. Diex les

2338 1859 1646 232 metra et gitera ou feu den-

2338 2064 1623 246 fer. et auront tant de mi-

2334 2273 1554 233 sere que il ne la porront

2334 2437 1614 269 soustenir. ¶Par les char-

2347 2661 1573 264 bons poons nous enten-

2334 2861 1614 232 dre les corroz et les incre-

2347 3066 1651 260 pacions du souuerein iuge

2338 3280 1646 237 contre les dampnez par les

2338 3472 1623 241 quiex il seront confundu

2347 3690 1614 210 et leur consciences arses et

2343 3868 1646 246 brullees. par le feu ou quel

2338 4064 1628 255 il seront gitie est entendu

2347 4269 1646 260 le torment horrible du feu

2334 4470 1614 246 denfer. qui ꝑdurablement

2347 4693 1573 232 les ames et les corps des

2343 4898 1573 228 tampnez tormentera. du

2343 5076 1669 255 quel dit ihesucrist en leuuã

2326 5269 1580 246 gile alez maudit de dieu

2338 5495 1733 219 mon pere ou feu denfer par-

2329 5677 1669 296 durable. qui est appareilliez

4454 168 729 219 .xviii.

378 6064 1514 242 Quar en pechie tu ne trou-

410 6256 1418 291 ueras ne mesure ne fin.

4098 5174 677 389 Math̾. xxv.
