5254 8190
3006 409 546 287 feblece.

1503.0 1078.0 1516.0 259.0 porelment. Et nuz esperi-

1496.0 1283.0 1523.0 266.0 tuelment quar lame de

1496.0 1494.0 1551.0 246.0 nous est nue et uuide de

1496.0 1678.0 1558.0 246.0 uertu et de science. Et tout

1496.0 1876.0 1489.0 273.0 aussi que hõme et fẽme

1503.0 2095.0 1523.0 252.0 entre poure et nuz en ce

1496.0 2306.0 1585.0 219.0 monde. tout ainsi il cou-

1496.0 2463.0 1640.0 294.0 uient il departir. ¶Et plu-

1496.0 2675.0 1605.0 259.0 seurs en y a donc cest grãt

1503.0 2886.0 1578.0 260.0 doleur qui sen uont et de-

1496.0 3084.0 1605.0 260.0 partent plus nuz et plus

1503.0 3296.0 1646.0 232.0 poures que il ni entrerent.

1509.0 3501.0 1620.0 252.0 quar cum il soient en ta-

1496.0 3692.0 1619.0 259.0 chiez et enuelopez de plu-

1496.0 3876.0 1503.0 259.0 seurs pechiez et nuz de

1496.0 4101.0 1653.0 239.0 tout bien. rien nen portent

1496.0 4299.0 1585.0 273.0 de ce monde. fors q̃ leurs

1421.0 4497.0 1592.0 266.0 pechiez .iiii. Chapitre.

1981.0 4688.0 997.0 260.0 La seconde misere

1981.0 4893.0 1093.0 246.0 que nous auons

1550.0 5064.0 1504.0 293.0 puet estre apelee contem-

1530.0 5289.0 1462.0 266.0 porele. Et proprement

1530.0 5480.0 1537.0 253.0 puet estre nõmee par tel

1537.0 5685.0 1503.0 314.0 langage. Quar elle noꝰ

3450.0 1085.0 1503.0 232.0 acompaigne par tout le

3450.0 1235.0 1544.0 307.0 temps de nostre uie ¶Et

3450.0 1487.0 1612.0 232.0 ceste misere aggrieuent .iiii.

3450.0 1665.0 1578.0 280.0 choses senz les quiex nous

3450.0 1856.0 1544.0 287.0 ne poons ceste uie p̾sente

3457.0 2061.0 1496.0 286.0 passer. ¶La premiere est

3450.0 2272.0 1558.0 273.0 nostre fragilite et febleice.

3450.0 2484.0 1564.0 252.0 la quele nous grieue for

3450.0 2702.0 1503.0 232.0 ment. De la quele parle.

3409.0 2907.0 1599.0 239.0 Saint gregoire en exposẽt

3457.0 3084.0 1544.0 260.0 cele parole de Iob. Homo

3450.0 3289.0 1578.0 266.0 natus de muliere breui. ⁊ c̾.

3457.0 3514.0 1516.0 239.0 Et dit en tel maniere. Se

3463.0 3699.0 1469.0 259.0 nous considerons brief-

3450.0 3890.0 1605.0 259.0 ment tout ce qͥ est ci fait en

3450.0 4101.0 1517.0 239.0 noꝰ et de nous est peĩne et

3457.0 4320.0 1564.0 239.0 misere. Quar seruir a la

3457.0 4511.0 1564.0 232.0 corruption de nostre char.

3463.0 4709.0 1545.0 239.0 a ce qui li est de necessite. ⁊

3457.0 4914.0 1537.0 232.0 qui li est ostroie nest fors

3457.0 5091.0 1551.0 252.0 que misere. Auons nous

3463.0 5282.0 1606.0 273.0 froit il nous faut couurir

3463.0 5507.0 1483.0 253.0 et uestir. Auons nous

3463.0 5698.0 1531.0 383.0 faim. il nous faut viãde

5083.0 3255.0 150.0 321.0 .c.xii.
