5314 8202
2838.0 526.0 643.0 253.0 .prologue.

1360.0 1120.0 1628.0 247.0 gence es ars et es sciences.

1374.0 1312.0 1594.0 239.0 et auoient les bons clers

1388.0 1524.0 1580.0 232.0 en grant amour. et en re-

1388.0 1708.0 1532.0 253.0 uerence. Quar estude et

1388.0 1927.0 1607.0 253.0 science ne sont pas con-

1388.0 2112.0 1545.0 252.0 traires a cheualerie. ainz

1395.0 2303.0 1559.0 260.0 se sont touz iours entra

1395.0 2515.0 1511.0 225.0 compaignies. selonc les

1402.0 2720.0 1511.0 232.0 enciẽnes hystoires. Et ce

1402.0 2911.0 1607.0 239.0 nest mie merueille. quar

1402.0 3089.0 1525.0 266.0 cheualerie deffent clergie.

1408.0 3321.0 1621.0 253.0 Et clergie enseigne et a-

1415.0 3485.0 1662.0 246.0 drece cheualerie. ¶Et pour

1408.0 3690.0 1587.0 246.0 ce en toutes monarchies

1408.0 3882.0 1560.0 253.0 bien ordonnees estude et

1408.0 4087.0 1628.0 232.0 cheualerie ont touz iours

1408.0 4271.0 1649.0 267.0 este ensemble senz estre des-

1422.0 4504.0 1580.0 232.0 seurees. Dont tant cõme

1422.0 4702.0 1559.0 239.0 les caldes amerent estude

1422.0 4887.0 1525.0 252.0 iustice et clergie. tant il

1415.0 5078.0 1560.0 253.0 furent puissent et uertu-

1422.0 5283.0 1587.0 267.0 eus contre touz autres et

1408.0 5481.0 1443.0 274.0 orent ꝑfecte seignorie.

1552.0 5673.0 1464.0 369.0 ¶Ainssi lisons nous des

3316.0 1059.0 1608.0 321.0 Romains qui furent sei

3323.0 1312.0 1525.0 260.0 gneur de tout le monde

3330.0 1510.0 1566.0 219.0 nõpas seulement par for

3344.0 1701.0 1580.0 219.0 ce darmes. Mais par leur

3337.0 1900.0 1450.0 280.0 sens et par leur sauoir.

3303.0 2112.0 1662.0 252.0 ¶Derreĩnement par la pour-

3337.0 2296.0 1600.0 267.0 ueence et grace du Roy de̾

3358.0 2474.0 1579.0 239.0 roys Ih̃ucrist ou Reaume

3316.0 2651.0 1573.0 288.0 de france ces .iii. choses des

3351.0 2898.0 1525.0 259.0 sus dictes ont regne lon

3344.0 3062.0 1545.0 280.0 guement. et seront Iusq̃s

3351.0 3308.0 1580.0 232.0 a la fin du monde se il ni

3351.0 3479.0 1566.0 280.0 a empeschement par devers

3364.0 3704.0 1519.0 246.0 nous pour cause de nos

3351.0 3875.0 1675.0 287.0 pechiez. De quoy il est escripte

3624.0 4094.0 1354.0 259.0 Francia militibz gaudet

3330.0 4292.0 1594.0 260.0 Cest a dire que lonneur et

3275.0 4483.0 1601.0 287.0 la loenge de france. est en

3241.0 4681.0 1710.0 281.0 bons cheualiers. Ce est celle

3371.0 4866.0 1546.0 273.0 qui a acoustume peiz q̃rir

3371.0 5071.0 1484.0 260.0 amer deffendre. norrir et

3330.0 5256.0 1539.0 294.0 soustenir. Et le sage du

3371.0 5474.0 1580.0 240.0 monde dit que la ou il a

3385.0 5686.0 1539.0 280.0 peiz et repos il y a sens et

5019.0 5208.0 267.0 512.0 a⟦⟧st̾
