5374 8202
1811.0 423.0 1142.0 335.0 Hordure humaĩne.

396.0 1093.0 1566.0 246.0 blement. Se elle nest auẽt

389.0 1284.0 1573.0 240.0 lauee et nestoiee par la re-

396.0 1490.0 1511.0 259.0 generacion du saint bap-

355.0 1688.0 1641.0 253.0 tesme que nous receuons.

799.0 1906.0 1101.0 260.0 La tierce chose qui

806 2125 1142 246 uaut a nous hu-

355 2262 1614 287 milier est consider les

376.0 2487.0 1634.0 260.0 ordures. qui en nous sõt.

355.0 2692.0 1648.0 240.0 et qui de nostre poure corp̾

396.0 2904.0 1593.0 267.0 issent. Quar se tu penses

389.0 3109.0 1559.0 260.0 parfondement. lordure et

376.0 3301.0 1586.0 260.0 la uilte qui ist de ta bou-

369.0 3492.0 1702.0 260.0 che de ton nes. et des autre̾

382.0 3718.0 1593.0 246.0 parties de ton corps. tu ne

382.0 3916.0 1539.0 246.0 ueis onques plus hort

376.0 4128.0 1552.0 239.0 ne plus puant fumier.

321.0 4271.0 1641.0 294.0 ¶Nous ueons bien que

376.0 4517.0 1524.0 260.0 les herbes et arbres me-

362.0 4716.0 1600.0 246.0 tent hors fleurs soef flai

369.0 4928.0 1511.0 252.0 renz et odorans fueilles

376.0 5119.0 1647.0 266.0 uerdoianz. et fruiz delitanz.

355.0 5324.0 1573.0 273.0 Et noz fleurs sont puces

369.0 5522.0 1463.0 233.0 lentes pooulz et autres

369.0 5734.0 1559.0 342.0 meintes ordures et cheti-

2365.0 1093.0 1497.0 260.0 uetez. Si cõme il apiert

2379.0 1312.0 1545.0 246.0 par experience. Des arbres

2358.0 1496.0 1525.0 253.0 nous uiẽnent .uin. oile.

2358.0 1708.0 1546.0 246.0 baume et autres precieu-

2358.0 1920.0 1539.0 267.0 ses liqueurs. Et de nous

2358.0 2125.0 1641.0 267.0 issent liqueurs toutes pu-

2365.0 2344.0 1600.0 232.0 anz et pleĩnes de abhomi-

2358.0 2501.0 1593.0 274.0 nacion et corruption ¶Et

2358.0 2713.0 1552.0 260.0 ainsi apert la condicion

2351.0 2898.0 1553.0 287.0 de humeĩne nateͬ qͣnt a sa

2331 3130 1634 253 grant uilte. .iii. chapitre.

2810.0 3308.0 1052.0 280.0 Apres pour nous

2810.0 3526.0 1128.0 267.0 humilier et po pri-

2338.0 3731.0 1579.0 240.0 sier. deuons nous par gͣnt

2324.0 3936.0 1634.0 253.0 soing et auis penser a plu-

2324.0 4114.0 1600.0 253.0 seurs miseres pouretez et

2331.0 4319.0 1655.0 267.0 chetiuetez que nous auon̾.

2304.0 4538.0 1620.0 267.0 Et en y a quatre en genͬal.

2358.0 4722.0 1614.0 260.0 ¶La premiere est naturele.

2317.0 4921.0 1587.0 253.0 la quele nous auons et

2331.0 5133.0 1634.0 239.0 portons de nostre natiuite.

2324.0 5324.0 1634.0 280.0 et des ce que nous entron̾

2324.0 5522.0 1525.0 274.0 en ce monde. ¶En signe

2317.0 5714.0 1545.0 382.0 de ce. si tost que nous sõ

3056.0 444.0 396.0 321.0 .ui.
