5386 8226
1893.0 356.0 666.0 260.0 humaĩne

418.0 1083.0 1551.0 246.0 pour nous norrir et sou-

404.0 1254.0 1585.0 274.0 stenir contre la chaleur noꝰ

411.0 1487.0 1592.0 261.0 querons le froit. Et la san-

411.0 1700.0 1585.0 239.0 te du corps. La quele gar

397.0 1891.0 1482.0 261.0 der couuient par grant

404.0 2097.0 1585.0 247.0 cautele. La quele ainsi gar-

397.0 2282.0 1537.0 261.0 dee est ligierement perdue

411.0 2481.0 1530.0 267.0 et dedanz brief temps. Et

411.0 2700.0 1523.0 240.0 quant ꝑdue est a grant

418.0 2899.0 1571.0 247.0 peĩne et labeur est recouree.

397.0 3084.0 1640.0 268.0 Et se il auient quelle le soit

397.0 3297.0 1565.0 274.0 ne sõmes nous certein ne

411.0 3475.0 1585.0 281.0 aseur de lauoir longuem̃t

384.0 3687.0 1701.0 268.0 toutes ces choses ne montrẽt

404.0 3879.0 1558.0 240.0 elle̾ pas euidẽment nostre

404.0 4106.0 1482.0 260.0 misere et grant pourete.

418.0 4298.0 1633.0 253.0 Aussi cõme se il uousit dire.

411.0 4496.0 1592.0 288.0 certes oil. Et dit apres. nest

411.0 4695.0 1565.0 274.0 ce dit il grant misere de hõ-

411.0 4921.0 1537.0 247.0 me et de fẽme. qui ꝑdu a

418.0 5106.0 1592.0 268.0 son pays et en est botez hors.

418.0 5326.0 1509.0 247.0 qui se delite et prant son

411.0 5504.0 1530.0 261.0 solaz et son deduit en exil.

404.0 5696.0 1517.0 343.0 De ce que il est formant

2353.0 1096.0 1592.0 227.0 greuez de diuerses cures ⁊

2360.0 1240.0 1605.0 288.0 labours engoisseus. Et nõ

2367.0 1480.0 1523.0 274.0 pourquant cõme negli-

2353.0 1686.0 1605.0 253.0 gens il dissimule a y pen-

2332.0 1864.0 1613.0 281.0 ser. Et enquor que il qui

2367.0 2118.0 1591.0 205.0 est priuez de la clarte par-

2353.0 2296.0 1585.0 254.0 durable. ne se donne gar

2353.0 2488.0 1612.0 233.0 de de locurte de son auugle-

2353.0 2700.0 1599.0 254.0 ment quele autre chose est

2360.0 2885.0 1585.0 254.0 dit il fors que misere qui

2387.0 3098.0 1379.0 260.0 est nee de nostre peĩne.

2339.0 3290.0 1564.0 274.0 ¶Et pour ce le roy dauid

2346.0 3509.0 1551.0 254.0 toutes ces choses conside-

2353.0 3722.0 1612.0 233.0 rans disoit en soy deuant

2339.0 3886.0 1578.0 281.0 dieu humiliant. Miser

2353.0 4119.0 1496.0 254.0 factus sum et curuatus

2353.0 4304.0 1592.0 268.0 usqz in finem contristatus

2353.0 4517.0 1605.0 267.0 ingrediebar. Cest a dire ie

2353.0 4723.0 1550.0 240.0 suis creature poure cheti-

2353.0 4928.0 1564.0 254.0 ue et miserable touz les

2353.0 5127.0 1605.0 254.0 iours. enclinez iusques a

2346.0 5319.0 1523.0 254.0 la terre. et ce est cause a

2353.0 5518.0 1667.0 247.0 moy de grant doleur et de

2346.0 5689.0 1606.0 370.0 grant tristeice. ¶De ceste

2977 349 570 288 .viii.
