5135 8226
1458 1041 1637 234 ne greuer plus legieremẽt.

1467 1252 1642 210 que. feit lenemi priue et fa-

1467 1444 1633 251 milier. Cest un enemi que

1463 1654 1582 237 nous portons touz iours

1476 1850 1537 206 auec nous sens le quel

1463 2056 1632 229 nous ne poons estrie. ¶ Cest

1476 2253 1596 242 aduersaire nous aĩmons

1463 2472 1550 215 naturelment gardons et

1458 2646 1550 251 norrissons selonc ce que

1463 2865 1664 233 dit expressement. Saint pol

1463 3043 1623 261 en lespitre que il feit a ceus

1467 3228 1590 288 de ephese. Nemo carnem

1463 3468 1623 242 suam unq̃m odio habuit

1294 3665 1783 260 sed nutrit et fouet ea ⁊ c̃.

1399 3852 1673 256 ¶ Ih̾e tres douz diex cõme

1422 4049 1632 260 ci a grant et grief seruage

1444 4259 1674 233 et condition tres miserable.

1449 4469 1623 256 quar se nous nostre char

1444 4675 1651 237 norrissons. nous armonᷤ

1454 4876 1637 228 et fortifions nostre aduer-

1449 5068 1614 233 saire contre nous. Et qui

1449 5260 1600 233 ne le norrist il se mest a

1449 5429 1646 292 mort. occist et perist. ¶ Que

1454 5671 1641 265 poons nous et deuons fei-

2880 402 1075 292 Lassaut de la char.

1021 3228 302 254 .c.v.

3447 1055 1514 252 re. Nous la deuons petite-

3443 1243 1513 255 ment soustenir. senz nul

3447 1448 1527 247 outrage. Durement et rigo-

3456 1640 1486 261 reusement chastier et disci-

3447 1869 1523 228 pliner. en la seruitute de les-

3443 2042 1504 238 perit ramener a ceste fin q̃

3443 2239 1522 256 sa rebellion soit abaissee et

3443 2435 1499 270 quelle soit auec lesperit en

3438 2650 1504 219 bonnes euures exercitee et

3438 2851 1527 256 acoustumee. ¶Ainsi le fai-

3438 3071 1500 228 soit Saint pol en lespitire

3438 3253 1514 265 premiere que il feit a ceus

3434 3445 1531 247 de corinthe. ¶Castigo cor-

3438 3665 1500 242 pus meum et in seruitutẽ

3443 3847 1499 234 redigo. ⁊ c̾. Ie chastie dit il

3429 4049 1532 242 mon corps et le meit a ser-

3434 4213 1490 302 uir lesperit. ¶De cest ene-

3429 4455 1500 247 mi parle. Saint bernart

3420 4679 1513 229 et dit. quel chose est nostre

3420 4880 1504 233 char. fors que. escume ue-

3424 5081 1477 206 stue de beaute fraaille et

3407 5216 1508 295 tost passant. Et sera asses

3388 5474 1545 229 tost une charoigne porrie

3415 5675 1541 261 et puant et uiande auers.

4284 7298 604 279 Ceste poure
