5386 8226
864 1073 1124 197 Puis que dit auons

775 1247 1187 267 des miseres qͥ sont

475 1466 1559 229 cõmunes a hõme et a fẽme

402 1658 1646 265 briefment disons daucunes

388 1869 1664 246 qui par especial touchent les

391 2090 1585 240 fẽmes. a ceste fin queiles a

397 2294 1619 228 preignent a garder et tenir

406 2472 1546 219 humilite. Des quiex il est

406 2659 1587 265 escript en genesi. Dixit do-

406 2883 1633 224 minus ad mulierem mul-

374 3080 1683 260 tiplicabo erumpnas tuas ⁊ c̃.

448 3285 1550 247 Et doiz sauoir que toutes

402 3473 1509 256 les peĩnes don punie fu

406 3706 1555 224 nostre premiere mere eue.

397 3898 1550 192 apartiennent aus autres

397 4058 1596 274 fẽmes. ¶Et apartient la p̾

393 4304 1577 179 miere peĩne au corps de la

402 4469 1660 288 quele dit diex. Multiplica-

352 4702 1710 247 bo erumpnas tuas. Ie mul-

393 4899 1614 242 tipliray dit il tes enferme-

402 5095 1586 233 tez. quar les fẽmes pour ce

402 5278 1614 228 que naturelment elle sont

406 5479 1569 247 plus feibles plus froides

402 5694 1568 278 plus moites pour ce ont

1796 475 1185 228 enfermete de fẽme

2345 1051 1481 246 elles la complexion plus

2350 1256 1614 252 passible que nont les hom-

2340 1476 1555 214 mes. et pour ce sont soub-

2340 1672 1587 238 ietes a pluseurs enferme-

2318 1878 1636 228 tez. que ne sont les hõmes.

2168 2022 1838 322 ¶La seconde peĩne est quãt

2350 2280 1554 247 a son fruit et sa lignie en

2336 2481 1623 201 .ii. manieres. premierement

2350 2673 1582 238 quant au conceuement de

2350 2892 1632 243 lanfant. Et quant a ce diex

2350 3084 1636 229 dit Ie multiplieray tes con-

2350 3290 1646 224 ceuemenz. est a dire les pein-

2350 3482 1527 228 nes et miseres que tu as

2359 3715 1472 164 en conceuoir et enfanter.

2436 3861 1491 283 Et pius que la fẽme a-

2363 4113 1601 178 conceu. nous ueons sa fa-

2354 4300 1573 242 ce palir son uentre engros-

2354 4501 1660 242 sir. ses pas alentir son corps

2359 4716 1563 233 apesentir. sa uertu affeblir

2359 4908 1522 224 son repos amendrir. son

2354 5090 1614 256 cuer et sa pensee muer. son

2359 5310 1586 242 apetit chengier. et du peril

2359 5497 1554 247 de sa lignie et de sa ꝑsõne.

2359 5703 1563 260 mont forment douliter.

4384 130 658 329 .xix.
