5111 8190
2908 527 428 251 pechie

1401 1087 1593 218 en mont de manieres par

1401 1274 1643 236 noz pechiez. Et que il soit

1401 1478 1575 214 ainsi que nous soiens

1392 1669 1598 242 du monde et ou monde

1397 1874 1697 246 assailliz. aꝑtement le dit

1401 2079 1652 205 nostre sauueeur en leuuã-

1383 2256 1707 282 gile saint Iehan. In mũ-

1397 2488 1652 251 do pressuram habebitis in

1401 2684 1784 255 me autem pacem. Ou mon-

1393 2886 1715 233 de dit il uous aurez de tur-

1392 3294 1780 236 en moy uous trouuerez peiz.

1333 3458 1757 291 ¶Et pour ce dit .S̾. bernart.

1338 3676 1656 264 Le monde est. ou il a assez

1401 3908 1602 227 et a grant plante de mali-

1410 4117 1571 223 ce. et petit de sapience. ou

1410 4286 1566 254 quel toutes choses sont

1410 4495 1571 237 ui̾queuses. et po estables

1410 4700 1584 241 tout y est couuert de tene-

1415 4895 1602 241 bres. et plein de laz. Ou q̃l

1406 5086 1593 246 les ames mont souuent

1415 5282 1643 259 perillent. les corps sont en

1424 5478 1607 245 grant affliction. Ou quel

1419 5678 1612 291 par tout uanite ⁊ afflictiõ.

3354 996 1533 314 desperit. ¶ Item Saint ber-

3349 1264 1579 246 nart. Le peril du monde preu-

3367 1474 1530 250 ue. ce que po de gent le pue-

3354 1683 1511 223 ent eschaper. et pluseurs y

3313 1876 1538 232 perillent en la mer de mar-

3340 2088 1488 205 ceille a peĩnes. de .iiii. nes

3340 2279 1639 246 une perist. En la mer de ce mõ-

3354 2466 1488 241 de. a peĩnes de .iiii. ames

3272 2670 1538 210 une puet estre sauuee.

3308 3307 1557 205 et nous po prisier pechie

3254 3471 1556 246 orguiel. Chapitre .v.

3845 3671 1056 214 Apres la misere na-

3900 3903 974 196 curele et contempo-

3208 4081 1707 250 rele couiẽt dire aucune cho-

3208 4263 1716 250 se de misere criminele de pe-

3395 4477 1515 232 chie. La quele senz nule cõ-

3390 4672 1543 255 paroison uaut pis q̃ toute̾

3390 4891 1497 195 les autres senz la quele

3395 5068 1506 232 ne eussent onques este les

3386 5287 1547 227 autres. et de la quele toutes

3386 5460 1565 209 les autres naissent et uien-

3358 5664 1566 282 nent quar selonc le dit. S.

851 2320 436 268 .c.xvi.

1400 3057 1626 280 bations et des mechiez meᷤ

3307 2846 1585 300 ¶Et pour toutes ces choses

3300 3078 1578 238 nous devons estre humble
