5362 8202
1819 348 738 239 enfermete

34.0 2296.0 307.0 349.0 table

341.0 1011.0 1662.0 301.0 souuent en dormant et son

341.0 1243.0 1642.0 281.0 gent nous sõmes espoentez.

341.0 1483.0 1573.0 266.0 ¶Et combien que ce qui

348.0 1688.0 1546.0 239.0 nous apert par songe en

341.0 1893.0 1717.0 239.0 nostre dormant en uerite ne

341.0 2064.0 1779.0 273.0 soit pas chose tristable ou espoẽ-

369.0 2282.0 1621.0 246.0 toute uoie selonc la uerite

341.0 2481.0 1580.0 253.0 les dormans se treuuent

341.0 2651.0 1594.0 274.0 affliz lassez tristes et espo-

348.0 2891.0 1655.0 246.0 entez. En signe de la quel

335.0 3082.0 1675.0 253.0 chose aucune foiz il crient a

335.0 3287.0 1675.0 260.0 haute uoyz en dorment ⁊ se treu-

341.0 3506.0 1573.0 239.0 uent plorãz ⁊ touz effreez.

766.0 3677.0 1196.0 259.0 La tierce misere et ad-

766.0 3868.0 1176.0 274.0 uersite pour toy po

335.0 4066.0 1614.0 274.0 prisier est enfermete corpo-

335.0 4271.0 1579.0 240.0 rele. Et en y a pluseurs qͥ

335.0 4483.0 1655.0 274.0 nous font granz angois-

335.0 4681.0 1552.0 267.0 ses. ¶Qui est la ꝑsonne

335.0 4893.0 1641.0 240.0 qui porroit penser trouuer

335.0 5071.0 1593.0 260.0 ne soufisẽment dire ou ra-

348.0 5297.0 1498.0 239.0 conter les manieres des

335.0 5481.0 1559.0 246.0 maladies. les diuersitez

341.0 5679.0 1594.0 294.0 des passions des dolours

2291.0 1066.0 1600.0 246.0 et des afflictions. q̃ nous

2291.0 1257.0 1655.0 274.0 sentons. ¶En uerite ie ne

2304.0 1476.0 1594.0 246.0 croy que il soit hõme ne

2298.0 1674.0 1648.0 260.0 clere uiuent tant sache de

2304.0 1893.0 1614.0 232.0 arismetique. qui est la sci-

2298.0 2091.0 1689.0 246.0 ence de nombrer qui le pu-

2298.0 2269.0 1655.0 246.0 isse sauoir ne trouuer for̾

2291.0 2481.0 1580.0 259.0 celi qui scet le nombre et

2284.0 2645.0 1634.0 280.0 les nons des estoiles. qui

2256.0 2884.0 1649.0 246.0 est diex le tout puissent.

2243.0 3048.0 1689.0 307.0 ¶Quar senz doubte nous

2236.0 3287.0 1641.0 253.0 esprouons en nous plu-

2277.0 3499.0 1648.0 198.0 seurs differences denferme-

2284.0 3697.0 1587.0 233.0 tez et de maladies que il

2291.0 3882.0 1641.0 266.0 na en nostre corps de mẽ-

2284.0 4080.0 1648.0 267.0 bres. ne en nos membres

2277.0 4285.0 1621.0 267.0 de parties. tant soient peti-

2284.0 4490.0 1648.0 280.0 tes. Ne touz les phisiciens

2284.0 4709.0 1532.0 219.0 qui des le cõmencement

2298.0 4887.0 1573.0 266.0 du monde ont este. Iusq̃s

2298.0 5092.0 1744.0 280.0 au iour dui. ne ceus qͥ serõt

2284.0 5283.0 1621.0 280.0 iusques a la fin du mon-

2291.0 5502.0 1580.0 246.0 de. onques ne porent en

2291.0 5707.0 1580.0 362.0 cerchier ne trouuer ne ia

3091.0 410.0 280.0 307.0 .x.
