<?xml version="1.0" encoding="UTF-8"?>
<alto xmlns:xsi="http://www.w3.org/2001/XMLSchema-instance"
      xmlns="http://www.loc.gov/standards/alto/ns-v4#"
      xsi:schemaLocation="http://www.loc.gov/standards/alto/ns-v4# http://www.loc.gov/standards/alto/v4/alto-4-2.xsd">
  <Description>
    <MeasurementUnit>pixel</MeasurementUnit>
    <sourceImageInformation>
      <fileName>324_014_R_TC_46.jpg</fileName>
    </sourceImageInformation>
  </Description>
  <Tags>
    <OtherTag ID="BT7" LABEL="CustomZone" DESCRIPTION="block type CustomZone"/><OtherTag ID="BT8" LABEL="DamageZone" DESCRIPTION="block type DamageZone"/><OtherTag ID="BT9" LABEL="DigitizationArtefactZone" DESCRIPTION="block type DigitizationArtefactZone"/><OtherTag ID="BT10" LABEL="DropCapitalZone" DESCRIPTION="block type DropCapitalZone"/><OtherTag ID="BT11" LABEL="GraphicZone" DESCRIPTION="block type GraphicZone"/><OtherTag ID="BT12" LABEL="MainZone" DESCRIPTION="block type MainZone"/><OtherTag ID="BT13" LABEL="MarginTextZone" DESCRIPTION="block type MarginTextZone"/><OtherTag ID="BT14" LABEL="MusicZone" DESCRIPTION="block type MusicZone"/><OtherTag ID="BT15" LABEL="NumberingZone" DESCRIPTION="block type NumberingZone"/><OtherTag ID="BT17" LABEL="QuireMarksZone" DESCRIPTION="block type QuireMarksZone"/><OtherTag ID="BT18" LABEL="RunningTitleZone" DESCRIPTION="block type RunningTitleZone"/><OtherTag ID="BT19" LABEL="SealZone" DESCRIPTION="block type SealZone"/><OtherTag ID="BT20" LABEL="StampZone" DESCRIPTION="block type StampZone"/><OtherTag ID="BT21" LABEL="TableZone" DESCRIPTION="block type TableZone"/><OtherTag ID="BT22" LABEL="TitlePageZone" DESCRIPTION="block type TitlePageZone"/>
    <OtherTag ID="LT7" LABEL="CustomLine" DESCRIPTION="line type CustomLine"/><OtherTag ID="LT8" LABEL="DefaultLine" DESCRIPTION="line type DefaultLine"/><OtherTag ID="LT9" LABEL="DropCapitalLine" DESCRIPTION="line type DropCapitalLine"/><OtherTag ID="LT10" LABEL="HeadingLine" DESCRIPTION="line type HeadingLine"/><OtherTag ID="LT11" LABEL="InterlinearLine" DESCRIPTION="line type InterlinearLine"/><OtherTag ID="LT12" LABEL="MusicLine" DESCRIPTION="line type MusicLine"/><OtherTag ID="LT13" LABEL="default" DESCRIPTION="line type default"/>
  </Tags>
  <Layout>
    <Page WIDTH="5374"
          HEIGHT="8190"
          PHYSICAL_IMG_NR="26"
          ID="eSc_dummypage_">
      <PrintSpace HPOS="0"
                  VPOS="0"
                  WIDTH="5374"
                  HEIGHT="8190">
        <TextBlock HPOS="50"
                   VPOS="1019"
                   WIDTH="2190"
                   HEIGHT="5034"
                   ID="eSc_textblock_4f3463a2"
                   TAGREFS="BT12">
          <Shape><Polygon POINTS="127 1019 50 6053 2240 5989 2240 1019 904 1019"/></Shape>
          <TextLine ID="eSc_line_0e38ee1f"
                    TAGREFS="LT8"
                    BASELINE="445 1205 2047 1214" 
                    HPOS="441"
                    VPOS="1060"
                    WIDTH="1606"
                    HEIGHT="236">
            <Shape><Polygon POINTS="1720 1073 1674 1073 1647 1069 1574 1069 1538 1069 1492 1069 1447 1069 1401 1069 1356 1064 1310 1064 1265 1064 1219 1064 1173 1064 1128 1064 1082 1064 1037 1060 991 1060 973 1060 473 1073 445 1110 445 1205 441 1246 878 1260 905 1287 910 1287 914 1287 919 1287 923 1287 1023 1255 1173 1278 1178 1278 1305 1260 1346 1292 1351 1292 1356 1292 1360 1296 1783 1296 1783 1292 1788 1292 1842 1264 1947 1292 1952 1292 1956 1292 1961 1292 2043 1255 2047 1214 2043 1082 1729 1073 1720 1073"/></Shape>
	    <String CONTENT="nauriez iames ioie tant"
                    HPOS="441"
                    VPOS="1060"
                    WIDTH="1606"
                    HEIGHT="236"
                    WC="0.948110510473666"></String>
          </TextLine>
          <TextLine ID="eSc_line_d16bf02f"
                    TAGREFS="LT8"
                    BASELINE="436 1415 1933 1424" 
                    HPOS="432"
                    VPOS="1269"
                    WIDTH="1501"
                    HEIGHT="214">
            <Shape><Polygon POINTS="436 1415 432 1451 782 1474 787 1474 850 1460 905 1451 923 1465 937 1474 941 1474 946 1474 951 1474 955 1474 987 1465 1032 1451 1151 1469 1251 1483 1255 1483 1442 1474 1811 1456 1920 1483 1933 1424 1924 1269 436 1278 436 1415"/></Shape>
	    <String CONTENT="cõme uous uerries les"
                    HPOS="432"
                    VPOS="1269"
                    WIDTH="1501"
                    HEIGHT="214"
                    WC="0.999672456221147"></String>
          </TextLine>
          <TextLine ID="eSc_line_40bc0fd6"
                    TAGREFS="LT8"
                    BASELINE="445 1615 1970 1628" 
                    HPOS="441"
                    VPOS="1456"
                    WIDTH="1529"
                    HEIGHT="250">
            <Shape><Polygon POINTS="445 1615 441 1683 773 1697 778 1697 782 1697 819 1678 864 1660 1224 1660 1237 1674 1265 1697 1265 1701 1269 1701 1274 1701 1278 1706 1396 1706 1396 1701 1401 1701 1406 1701 1406 1697 1433 1674 1610 1706 1615 1706 1619 1706 1720 1665 1729 1665 1965 1665 1970 1628 1970 1496 1797 1496 1792 1492 1756 1465 1751 1465 1747 1465 1742 1465 1269 1487 1246 1487 1242 1487 1201 1460 1196 1460 1192 1460 1019 1460 1014 1460 1010 1460 951 1483 896 1456 891 1456 887 1456 882 1456 878 1456 841 1483 841 1487 705 1487 705 1483 682 1465 682 1460 678 1460 673 1460 668 1460 445 1478 445 1615"/></Shape>
	    <String CONTENT="murs de la dicte chartre"
                    HPOS="441"
                    VPOS="1456"
                    WIDTH="1529"
                    HEIGHT="250"></String>
          </TextLine>
          <TextLine ID="eSc_line_222c9cfa"
                    TAGREFS="LT8"
                    BASELINE="441 1820 2106 1829" 
                    HPOS="436"
                    VPOS="1683"
                    WIDTH="1670"
                    HEIGHT="228">
            <Shape><Polygon POINTS="441 1820 436 1856 532 1901 536 1901 541 1906 805 1906 805 1901 809 1901 896 1860 1069 1901 1073 1901 1078 1901 1178 1870 1447 1870 1538 1906 1542 1906 1547 1906 1792 1865 1833 1901 1833 1906 1838 1906 1842 1906 1847 1911 1947 1911 1947 1906 1952 1906 1956 1906 2006 1865 2102 1865 2106 1829 2106 1692 441 1683 441 1820"/></Shape>
	    <String CONTENT="fermes fors et entiers. Mes"
                    HPOS="436"
                    VPOS="1683"
                    WIDTH="1670"
                    HEIGHT="228"
                    WC="0.9936191307173835"></String>
          </TextLine>
          <TextLine ID="eSc_line_b43562fd"
                    TAGREFS="LT8"
                    BASELINE="445 2029 2149 2042" 
                    HPOS="437"
                    VPOS="1863"
                    WIDTH="1707"
                    HEIGHT="245">
            <Shape><Polygon POINTS="443 2027 437 2108 2137 2095 2144 2040 2130 1863 443 1863 443 2027"/></Shape>
	    <String CONTENT="quant uous les uerriez petit"
                    HPOS="437"
                    VPOS="1863"
                    WIDTH="1707"
                    HEIGHT="245"></String>
          </TextLine>
          <TextLine ID="eSc_line_7c029424"
                    TAGREFS="LT8"
                    BASELINE="450 2234 2125 2243" 
                    HPOS="445"
                    VPOS="2074"
                    WIDTH="1680"
                    HEIGHT="264">
            <Shape><Polygon POINTS="450 2234 445 2320 1214 2302 1233 2311 1283 2334 1287 2334 1292 2338 1638 2338 1638 2334 1642 2334 1783 2297 1811 2293 2120 2293 2125 2243 2120 2111 1797 2106 1765 2079 1760 2079 1756 2079 1751 2079 1747 2079 1660 2106 1656 2106 1583 2079 1578 2079 1574 2079 1424 2102 1378 2079 1374 2079 1369 2079 1365 2079 1296 2106 1287 2106 1278 2102 1192 2074 1187 2074 1183 2074 450 2097 450 2234"/></Shape>
	    <String CONTENT="⁊ petit de choair a bon droit"
                    HPOS="445"
                    VPOS="2074"
                    WIDTH="1680"
                    HEIGHT="264"></String>
          </TextLine>
          <TextLine ID="eSc_line_410d9b9e"
                    TAGREFS="LT8"
                    BASELINE="364 2429 2043 2438" 
                    HPOS="359"
                    VPOS="2275"
                    WIDTH="1684"
                    HEIGHT="245">
            <Shape><Polygon POINTS="364 2306 364 2429 359 2479 764 2511 769 2511 1151 2479 1196 2479 1201 2479 1265 2516 1269 2516 1274 2516 1424 2488 1460 2516 1465 2516 1469 2516 1474 2520 1656 2520 1656 2516 1660 2516 1792 2484 1938 2507 1943 2507 1947 2507 2038 2479 2043 2438 2038 2311 1765 2279 1760 2279 1538 2302 1497 2306 1487 2302 1437 2279 1433 2279 1428 2279 1424 2279 1337 2302 1310 2306 1142 2306 1133 2297 1092 2275 1087 2275 1082 2275 1078 2275 1073 2275 982 2297 978 2297 973 2297 900 2275 896 2275 891 2275 887 2275 814 2297 791 2302 769 2293 714 2275 709 2275 705 2275 618 2293 577 2302 364 2293 364 2306"/></Shape>
	    <String CONTENT="uous feries ioye. quar uoꝰ"
                    HPOS="359"
                    VPOS="2275"
                    WIDTH="1684"
                    HEIGHT="245"
                    WC="0.967020889887443"></String>
          </TextLine>
          <TextLine ID="eSc_line_6fcf3dc2"
                    TAGREFS="LT8"
                    BASELINE="441 2625 1324 2620 2006 2630 2009 2591" 
                    HPOS="430"
                    VPOS="2470"
                    WIDTH="1577"
                    HEIGHT="246">
            <Shape><Polygon POINTS="437 2620 430 2695 1522 2716 1529 2716 1536 2716 1543 2716 1543 2709 1577 2682 1816 2682 1993 2716 2007 2586 1993 2477 437 2470 437 2620"/></Shape>
	    <String CONTENT="auries ferme esperence de"
                    HPOS="430"
                    VPOS="2470"
                    WIDTH="1577"
                    HEIGHT="246"></String>
          </TextLine>
          <TextLine ID="eSc_line_bd9b9de1"
                    TAGREFS="LT8"
                    BASELINE="464 2825 2165 2839" 
                    HPOS="459"
                    VPOS="2666"
                    WIDTH="1706"
                    HEIGHT="250">
            <Shape><Polygon POINTS="464 2825 459 2893 1055 2912 1060 2912 1146 2893 1178 2889 1214 2893 1337 2912 1342 2912 1346 2912 1351 2912 1378 2893 1383 2889 1401 2893 1478 2912 1483 2912 1487 2912 1492 2912 1565 2893 1578 2889 1583 2893 1606 2912 1606 2916 1610 2916 1615 2916 1619 2916 1624 2916 1697 2893 1701 2893 1706 2893 1870 2916 1874 2916 2161 2889 2165 2839 2161 2725 464 2666 464 2825"/></Shape>
	    <String CONTENT="ur̃e brief deliurance. ¶Ain-"
                    HPOS="459"
                    VPOS="2666"
                    WIDTH="1706"
                    HEIGHT="250"></String>
          </TextLine>
          <TextLine ID="eSc_line_035ceff1"
                    TAGREFS="LT8"
                    BASELINE="441 3025 2020 3039" 
                    HPOS="436"
                    VPOS="2866"
                    WIDTH="1584"
                    HEIGHT="255">
            <Shape><Polygon POINTS="441 3025 436 3103 960 3075 1137 3098 1305 3116 1751 3121 1756 3121 1760 3121 1765 3121 1765 3116 1792 3094 1929 3121 1933 3121 1938 3121 2015 3080 2020 3039 2020 2902 441 2866 441 3025"/></Shape>
	    <String CONTENT="si lame de moy desirrans"
                    HPOS="436"
                    VPOS="2866"
                    WIDTH="1584"
                    HEIGHT="255"
                    WC="0.9985960920651754"></String>
          </TextLine>
          <TextLine ID="eSc_line_c4f8fe9a"
                    TAGREFS="LT8"
                    BASELINE="436 3225 2002 3239" 
                    HPOS="432"
                    VPOS="3066"
                    WIDTH="1570"
                    HEIGHT="250">
            <Shape><Polygon POINTS="436 3225 432 3271 564 3276 591 3303 591 3307 596 3307 600 3307 605 3307 609 3307 678 3280 700 3271 891 3271 914 3285 946 3312 951 3312 955 3312 960 3312 964 3312 1014 3289 1032 3280 1064 3289 1133 3312 1137 3312 1142 3316 1392 3316 1392 3312 1396 3312 1401 3312 1419 3298 1456 3276 1993 3312 2002 3239 1997 3107 941 3066 937 3066 932 3066 837 3094 837 3098 641 3098 637 3094 605 3066 600 3066 596 3066 591 3066 436 3089 436 3225"/></Shape>
	    <String CONTENT="issir de la chartre de ce po-"
                    HPOS="432"
                    VPOS="3066"
                    WIDTH="1570"
                    HEIGHT="250"
                    WC="0.990498057727156"></String>
          </TextLine>
          <TextLine ID="eSc_line_84bbcc03"
                    TAGREFS="LT8"
                    BASELINE="436 3421 2043 3430" 
                    HPOS="432"
                    VPOS="3262"
                    WIDTH="1611"
                    HEIGHT="241">
            <Shape><Polygon POINTS="436 3421 432 3489 910 3498 914 3498 919 3498 923 3498 923 3494 937 3485 951 3467 1064 3462 1082 3480 1101 3494 1101 3498 1105 3498 1110 3498 1260 3503 1265 3503 1269 3503 1337 3476 1356 3471 1406 3476 1547 3489 1551 3489 2038 3462 2043 3430 2038 3280 1082 3289 1073 3285 1046 3262 1042 3262 1037 3262 1032 3262 887 3285 850 3289 814 3285 682 3262 678 3262 436 3285 436 3421"/></Shape>
	    <String CONTENT="ure corps quant elle con-"
                    HPOS="432"
                    VPOS="3262"
                    WIDTH="1611"
                    HEIGHT="241"
                    WC="0.9981730723381043"></String>
          </TextLine>
          <TextLine ID="eSc_line_d27dc930"
                    TAGREFS="LT8"
                    BASELINE="436 3617 2024 3635" 
                    HPOS="432"
                    VPOS="3458"
                    WIDTH="1592"
                    HEIGHT="263">
            <Shape><Polygon POINTS="436 3617 432 3658 828 3662 960 3712 964 3712 1228 3717 1233 3721 1451 3721 1451 3717 1456 3717 1538 3676 1619 3717 1624 3717 1629 3717 1774 3699 1902 3721 1906 3721 1911 3721 2020 3676 2024 3635 2015 3480 864 3485 841 3467 841 3462 837 3462 832 3462 828 3462 819 3462 623 3480 436 3458 436 3617"/></Shape>
	    <String CONTENT="sidere les paroiz du corps"
                    HPOS="432"
                    VPOS="3458"
                    WIDTH="1592"
                    HEIGHT="263"
                    WC="0.9941207560209128"></String>
          </TextLine>
          <TextLine ID="eSc_line_07d35e69"
                    TAGREFS="LT8"
                    BASELINE="432 3812 1974 3840" 
                    HPOS="427"
                    VPOS="3680"
                    WIDTH="1547"
                    HEIGHT="246">
            <Shape><Polygon POINTS="432 3812 427 3894 582 3862 691 3903 696 3903 978 3913 982 3913 987 3913 991 3913 1082 3872 1196 3872 1374 3872 1451 3917 1451 3922 1456 3922 1460 3922 1465 3922 1483 3922 1683 3881 1965 3926 1974 3840 1974 3708 432 3680 432 3812"/></Shape>
	    <String CONTENT="dedanz brief temps estre"
                    HPOS="427"
                    VPOS="3680"
                    WIDTH="1547"
                    HEIGHT="246"
                    WC="0.9743083293239275"></String>
          </TextLine>
          <TextLine ID="eSc_line_731d9c1f"
                    TAGREFS="LT8"
                    BASELINE="450 4022 1970 4035" 
                    HPOS="445"
                    VPOS="3862"
                    WIDTH="1525"
                    HEIGHT="233">
            <Shape><Polygon POINTS="450 4022 445 4058 759 4085 764 4085 1210 4063 1246 4063 1260 4063 1460 4095 1465 4095 1469 4095 1583 4067 1965 4067 1970 4035 1965 3903 1820 3872 1815 3872 1660 3899 1638 3899 1619 3894 1519 3872 1515 3872 1510 3872 1506 3872 1437 3894 1433 3894 1401 3867 1396 3867 1392 3867 1387 3867 1242 3890 1210 3894 1187 3890 1114 3867 1110 3867 1105 3867 1101 3867 1055 3890 1037 3894 696 3894 678 3881 650 3862 646 3862 641 3862 637 3862 450 3876 450 4022"/></Shape>
	    <String CONTENT="destruites. seioist pour ce"
                    HPOS="445"
                    VPOS="3862"
                    WIDTH="1525"
                    HEIGHT="233"></String>
          </TextLine>
          <TextLine ID="eSc_line_f9099177"
                    TAGREFS="LT8"
                    BASELINE="423 4231 2156 4245" 
                    HPOS="418"
                    VPOS="4090"
                    WIDTH="1738"
                    HEIGHT="214">
            <Shape><Polygon POINTS="423 4231 418 4304 2152 4304 2156 4245 2156 4090 423 4090 423 4231"/></Shape>
	    <String CONTENT="quele a esperance tost estre de"
                    HPOS="418"
                    VPOS="4090"
                    WIDTH="1738"
                    HEIGHT="214"
                    WC="0.9819569972253614"></String>
          </TextLine>
          <TextLine ID="eSc_line_5b0dcdfb"
                    TAGREFS="LT8"
                    BASELINE="149 4447 1983 4440" 
                    HPOS="136"
                    VPOS="4217"
                    WIDTH="1844"
                    HEIGHT="307">
            <Shape><Polygon POINTS="682 4231 621 4231 512 4265 471 4224 409 4224 402 4217 136 4217 143 4443 143 4518 1966 4524 1980 4436 1959 4265 1044 4279 737 4231 682 4231"/></Shape>
	    <String CONTENT="p̾sõ deliuree et deuant la face"
                    HPOS="136"
                    VPOS="4217"
                    WIDTH="1844"
                    HEIGHT="307"></String>
          </TextLine>
          <TextLine ID="eSc_line_c31acc7c"
                    TAGREFS="LT8"
                    BASELINE="427 4627 1961 4641" 
                    HPOS="423"
                    VPOS="4468"
                    WIDTH="1538"
                    HEIGHT="250">
            <Shape><Polygon POINTS="427 4627 423 4700 518 4700 523 4700 527 4700 527 4695 564 4668 823 4668 869 4695 878 4704 882 4704 887 4704 1092 4713 1096 4713 1101 4713 1105 4713 1133 4691 1155 4672 1319 4672 1337 4686 1365 4709 1365 4713 1369 4713 1374 4713 1610 4718 1615 4718 1619 4718 1624 4718 1624 4713 1665 4681 1665 4677 1956 4672 1961 4641 1956 4504 910 4472 905 4472 832 4477 586 4490 427 4468 427 4627"/></Shape>
	    <String CONTENT="de son seigneur en gloire"
                    HPOS="423"
                    VPOS="4468"
                    WIDTH="1538"
                    HEIGHT="250"
                    WC="0.9687625336647033"></String>
          </TextLine>
          <TextLine ID="eSc_line_49c7dfac"
                    TAGREFS="LT8"
                    BASELINE="427 4823 2002 4845" 
                    HPOS="423"
                    VPOS="4686"
                    WIDTH="1579"
                    HEIGHT="241">
            <Shape><Polygon POINTS="427 4823 423 4891 741 4914 746 4914 750 4914 755 4914 755 4909 778 4891 800 4873 1305 4873 1324 4886 1374 4923 1378 4923 1383 4923 1701 4927 1706 4927 1710 4927 1715 4927 1751 4904 1920 4927 1924 4927 1929 4927 1933 4927 1997 4882 2002 4845 2002 4700 427 4686 427 4823"/></Shape>
	    <String CONTENT="pardurable estre presentee"
                    HPOS="423"
                    VPOS="4686"
                    WIDTH="1579"
                    HEIGHT="241"
                    WC="0.9804548208530133"></String>
          </TextLine>
          <TextLine ID="eSc_line_9e1a877b"
                    TAGREFS="LT8"
                    BASELINE="373 5027 1715 5036" 
                    HPOS="368"
                    VPOS="4859"
                    WIDTH="1347"
                    HEIGHT="209">
            <Shape><Polygon POINTS="373 5027 368 5055 1706 5068 1715 5036 1710 4886 900 4891 782 4863 764 4863 759 4863 755 4863 750 4863 705 4891 678 4863 673 4863 668 4863 664 4863 655 4863 500 4886 373 4859 373 5027"/></Shape>
	    <String CONTENT="lassaut du monde"
                    HPOS="368"
                    VPOS="4859"
                    WIDTH="1347"
                    HEIGHT="209"
                    WC="0.9985310882329941"></String>
          </TextLine>
          <TextLine ID="eSc_line_3de26acd"
                    TAGREFS="LT8"
                    BASELINE="709 5237 2002 5232" 
                    HPOS="696"
                    VPOS="5050"
                    WIDTH="1304"
                    HEIGHT="239">
            <Shape><Polygon POINTS="703 5234 703 5289 1993 5282 2000 5227 1987 5098 812 5050 805 5050 798 5050 696 5091 703 5234"/></Shape>
	    <String CONTENT="Apres lassaut et im-"
                    HPOS="696"
                    VPOS="5050"
                    WIDTH="1304"
                    HEIGHT="239"></String>
          </TextLine>
          <TextLine ID="eSc_line_f51f9e04"
                    TAGREFS="LT8"
                    BASELINE="755 5432 2020 5432" 
                    HPOS="755"
                    VPOS="5273"
                    WIDTH="1265"
                    HEIGHT="237">
            <Shape><Polygon POINTS="755 5510 1173 5510 1173 5505 1178 5505 1214 5491 1287 5464 2020 5464 2020 5432 2020 5314 1797 5273 1792 5273 1656 5305 1619 5278 1619 5273 1615 5273 1610 5273 1219 5273 1214 5273 1210 5273 1128 5305 755 5309 755 5432"/></Shape>
	    <String CONTENT="pugnacion de lene-"
                    HPOS="755"
                    VPOS="5273"
                    WIDTH="1265"
                    HEIGHT="237"
                    WC="0.9984449843565623"></String>
          </TextLine>
          <TextLine ID="eSc_line_f9a77a11"
                    TAGREFS="LT8"
                    BASELINE="295 5623 2079 5628" 
                    HPOS="291"
                    VPOS="5437"
                    WIDTH="1788"
                    HEIGHT="264">
            <Shape><Polygon POINTS="809 5437 805 5437 796 5437 568 5437 568 5441 523 5441 518 5437 423 5437 418 5437 414 5437 386 5446 386 5455 359 5455 295 5478 295 5623 291 5696 605 5701 609 5701 614 5701 637 5692 659 5678 723 5687 805 5701 809 5701 814 5701 846 5687 905 5660 1005 5682 1037 5687 1042 5687 1187 5678 1442 5660 1515 5669 1692 5701 1697 5701 1701 5701 1706 5701 1706 5696 1742 5664 1747 5664 1879 5687 1883 5687 2074 5655 2079 5628 2079 5496 1938 5491 1897 5460 1892 5460 1888 5460 1883 5460 1779 5482 1733 5450 1729 5450 1724 5450 1720 5450 1515 5487 1474 5455 1469 5455 1465 5455 1460 5455 1456 5455 1451 5455 1415 5487 1233 5487 878 5491 869 5487 814 5437 809 5437"/></Shape>
	    <String CONTENT="mi de hõme et de la char di-"
                    HPOS="291"
                    VPOS="5437"
                    WIDTH="1788"
                    HEIGHT="264"
                    WC="0.9782320548748148"></String>
          </TextLine>
          <TextLine ID="eSc_line_3b3fb657"
                    TAGREFS="LT8"
                    BASELINE="409 5819 2085 5876" 
                    HPOS="396"
                    VPOS="5644"
                    WIDTH="1686"
                    HEIGHT="355">
            <Shape><Polygon POINTS="402 5814 396 5924 635 5958 641 5958 648 5958 710 5930 730 5924 744 5930 826 5965 833 5965 839 5965 1092 5937 1201 5924 1242 5937 1352 5978 1358 5978 1365 5978 1563 5937 1591 5937 1618 5944 1870 5999 1877 5999 1884 5999 2075 5944 2082 5869 2082 5678 402 5644 402 5814"/></Shape>
	    <String CONTENT="sons et briefment de lassaut"
                    HPOS="396"
                    VPOS="5644"
                    WIDTH="1686"
                    HEIGHT="355"></String>
          </TextLine>
        </TextBlock>
        <TextBlock HPOS="1634"
                   VPOS="367"
                   WIDTH="1538"
                   HEIGHT="388"
                   ID="eSc_textblock_56b0f37f"
                   TAGREFS="BT18">
          <Shape><Polygon POINTS="1634 367 1634 755 3172 755 3172 367 2581 367"/></Shape>
          <TextLine ID="eSc_line_b27dc828"
                    TAGREFS="LT8"
                    BASELINE="1792 591 3003 600" 
                    HPOS="1788"
                    VPOS="436"
                    WIDTH="1215"
                    HEIGHT="278">
            <Shape><Polygon POINTS="2971 468 2925 450 2894 441 2889 441 2884 441 2880 441 2812 464 2789 477 2539 477 2425 455 2320 436 2316 436 2247 450 2138 468 2084 445 2065 436 2061 436 2056 436 2024 441 1933 459 1792 436 1792 591 1788 659 2015 709 2020 714 2256 714 2256 709 2261 709 2266 709 2311 677 2316 677 2543 714 2548 714 2552 714 2557 714 2557 709 2589 687 2598 673 2634 687 2671 700 2675 700 2680 700 2684 700 2689 700 2702 687 2725 673 2853 673 2898 696 2934 714 2939 714 2944 714 2948 714 2998 696 3003 600 3003 477 2971 468"/></Shape>
	    <String CONTENT="Lassaut du monde"
                    HPOS="1788"
                    VPOS="436"
                    WIDTH="1215"
                    HEIGHT="278"
                    WC="0.9869189858436584"></String>
          </TextLine>
        </TextBlock>
        <TextBlock HPOS="2379"
                   VPOS="1034"
                   WIDTH="1631"
                   HEIGHT="5079"
                   ID="eSc_textblock_dda159e3"
                   TAGREFS="BT12">
          <Shape><Polygon POINTS="2379 1034 2379 6113 4010 6113 4010 1034 3047 1034"/></Shape>
          <TextLine ID="eSc_line_1a4b8bb0"
                    TAGREFS="LT8"
                    BASELINE="2352 1214 3986 1228" 
                    HPOS="2347"
                    VPOS="1087"
                    WIDTH="1639"
                    HEIGHT="218">
            <Shape><Polygon POINTS="3945 1105 3899 1105 3854 1105 3808 1105 3763 1105 3717 1101 3672 1101 3626 1101 3581 1101 3535 1101 3490 1101 3444 1101 3399 1096 3353 1096 3308 1096 3262 1096 3217 1096 3171 1096 3144 1092 2894 1092 2853 1092 2848 1087 2352 1087 2352 1214 2347 1246 2479 1251 2530 1296 2534 1296 2539 1296 2543 1296 2548 1296 2625 1264 2698 1296 2702 1296 2998 1301 3003 1301 3007 1301 3012 1301 3053 1274 3062 1269 3167 1278 3330 1287 3335 1287 3339 1287 3358 1283 3440 1260 3767 1260 3804 1296 3808 1301 3808 1305 3813 1305 3817 1305 3822 1305 3981 1301 3986 1228 3981 1105 3945 1105"/></Shape>
	    <String CONTENT="et impugnation du mon-"
                    HPOS="2347"
                    VPOS="1087"
                    WIDTH="1639"
                    HEIGHT="218"></String>
          </TextLine>
          <TextLine ID="eSc_line_5f47581a"
                    TAGREFS="LT8"
                    BASELINE="2366 1428 4017 1419" 
                    HPOS="2361"
                    VPOS="1274"
                    WIDTH="1656"
                    HEIGHT="241">
            <Shape><Polygon POINTS="2366 1428 2366 1496 2821 1483 2839 1492 2880 1510 2884 1510 2889 1510 2980 1492 3139 1515 3144 1515 3148 1515 3153 1515 3194 1487 3212 1478 3303 1478 3312 1483 3344 1510 3349 1510 3353 1510 3358 1515 3936 1515 3936 1510 3940 1510 4017 1474 4017 1419 4008 1292 2361 1274 2366 1428"/></Shape>
	    <String CONTENT="de et des elemẽs ¶quar pour"
                    HPOS="2361"
                    VPOS="1274"
                    WIDTH="1656"
                    HEIGHT="241"></String>
          </TextLine>
          <TextLine ID="eSc_line_20038507"
                    TAGREFS="LT8"
                    BASELINE="2375 1633 3977 1624" 
                    HPOS="2370"
                    VPOS="1474"
                    WIDTH="1607"
                    HEIGHT="236">
            <Shape><Polygon POINTS="2375 1633 2375 1678 2734 1710 2739 1710 2944 1688 2971 1688 3003 1688 3139 1706 3144 1706 3148 1706 3185 1692 3239 1674 3967 1701 3977 1624 3967 1501 3171 1474 3167 1474 3162 1474 3157 1474 3117 1501 2520 1478 2516 1478 2370 1506 2375 1633"/></Shape>
	    <String CONTENT="nous punir. La terre porte"
                    HPOS="2370"
                    VPOS="1474"
                    WIDTH="1607"
                    HEIGHT="236"
                    WC="0.994911225942465"></String>
          </TextLine>
          <TextLine ID="eSc_line_3a1ca24a"
                    TAGREFS="LT8"
                    BASELINE="2366 1833 3981 1824" 
                    HPOS="2361"
                    VPOS="1678"
                    WIDTH="1620"
                    HEIGHT="233">
            <Shape><Polygon POINTS="2366 1833 2366 1874 2816 1874 2862 1888 2939 1911 2944 1911 2948 1911 3094 1892 3217 1874 3294 1897 3335 1906 3339 1906 3344 1906 3476 1897 3704 1883 3972 1906 3981 1824 3967 1678 3822 1701 3749 1683 3735 1678 3731 1678 3726 1678 3722 1678 3708 1683 3653 1701 3608 1683 3590 1678 3585 1678 3581 1678 3576 1678 3544 1688 3481 1701 3330 1692 3212 1683 3208 1683 3203 1683 3180 1692 3157 1706 2953 1701 2498 1683 2493 1683 2361 1710 2366 1833"/></Shape>
	    <String CONTENT="ronces espines et chardons"
                    HPOS="2361"
                    VPOS="1678"
                    WIDTH="1620"
                    HEIGHT="233"
                    WC="0.9997218067829425"></String>
          </TextLine>
          <TextLine ID="eSc_line_6e038601"
                    TAGREFS="LT8"
                    BASELINE="2353 2058 2416 2058 2543 2058 2886 2058 3331 2058 3560 2058 3623 2071 3776 2071 3979 2071" 
                    HPOS="2342"
                    VPOS="1890"
                    WIDTH="1632"
                    HEIGHT="246">
            <Shape><Polygon POINTS="2342 2095 2526 2136 2533 2136 2724 2102 2731 2102 2745 2102 2929 2136 2936 2136 3967 2108 3974 2067 3967 1890 2348 1890 2348 2054"/></Shape>
	    <String CONTENT="couloures serpens boz et au-"
                    HPOS="2342"
                    VPOS="1890"
                    WIDTH="1632"
                    HEIGHT="246"></String>
          </TextLine>
          <TextLine ID="eSc_line_125139a7"
                    TAGREFS="LT8"
                    BASELINE="2334 2243 3822 2238" 
                    HPOS="2329"
                    VPOS="2083"
                    WIDTH="1493"
                    HEIGHT="232">
            <Shape><Polygon POINTS="2334 2243 2334 2284 2812 2284 2825 2288 2903 2315 2907 2315 2912 2315 2916 2315 2975 2288 2989 2284 2998 2288 3057 2315 3062 2315 3066 2315 3221 2288 3230 2288 3235 2288 3285 2315 3289 2315 3294 2315 3817 2288 3822 2238 3817 2124 3690 2083 3685 2083 3603 2083 3599 2083 3594 2083 3590 2083 3590 2088 3558 2120 3476 2083 3471 2083 3467 2083 3462 2083 3330 2124 3162 2124 3094 2088 3089 2088 3085 2088 3080 2088 3003 2120 2871 2083 2866 2083 2457 2083 2452 2083 2448 2083 2329 2124 2334 2243"/></Shape>
	    <String CONTENT="tres bestes ueninieuses."
                    HPOS="2329"
                    VPOS="2083"
                    WIDTH="1493"
                    HEIGHT="232"></String>
          </TextLine>
          <TextLine ID="eSc_line_4f0212a4"
                    TAGREFS="LT8"
                    BASELINE="2352 2434 3963 2443" 
                    HPOS="2347"
                    VPOS="2288"
                    WIDTH="1616"
                    HEIGHT="237">
            <Shape><Polygon POINTS="2352 2434 2347 2507 2848 2520 2853 2520 2857 2520 2925 2502 2966 2493 3048 2502 3271 2525 3276 2525 3280 2525 3380 2497 3399 2493 3412 2497 3490 2525 3494 2525 3499 2525 3503 2525 3558 2493 3567 2493 3958 2493 3963 2443 3958 2320 2352 2288 2352 2434"/></Shape>
	    <String CONTENT="leau nous assaut et im-"
                    HPOS="2347"
                    VPOS="2288"
                    WIDTH="1616"
                    HEIGHT="237"></String>
          </TextLine>
          <TextLine ID="eSc_line_b94d07f4"
                    TAGREFS="LT8"
                    BASELINE="2386 2670 2449 2670 2563 2670 2802 2670 2888 2670 2922 2676 3087 2676 3139 2687 3299 2687 3641 2687 3823 2687 3886 2687 3892 2676 3977 2670" 
                    HPOS="2383"
                    VPOS="2491"
                    WIDTH="1591"
                    HEIGHT="252">
            <Shape><Polygon POINTS="2383 2743 3967 2736 3974 2668 3960 2491 2424 2491 2383 2668"/></Shape>
	    <String CONTENT="pugne par floz tempestes"
                    HPOS="2383"
                    VPOS="2491"
                    WIDTH="1591"
                    HEIGHT="252"></String>
          </TextLine>
          <TextLine ID="eSc_line_a3afc4eb"
                    TAGREFS="LT8"
                    BASELINE="2334 2839 3917 2839" 
                    HPOS="2334"
                    VPOS="2702"
                    WIDTH="1583"
                    HEIGHT="237">
            <Shape><Polygon POINTS="2334 2839 2334 2902 2561 2934 2566 2934 2570 2934 2634 2912 2671 2898 2866 2898 2989 2916 3094 2934 3098 2934 3103 2934 3130 2921 3176 2898 3312 2898 3339 2925 3349 2930 3349 2934 3353 2934 3358 2934 3362 2939 3917 2939 3917 2839 3913 2702 2334 2711 2334 2839"/></Shape>
	    <String CONTENT="et granz rauines. qͥ sont"
                    HPOS="2334"
                    VPOS="2702"
                    WIDTH="1583"
                    HEIGHT="237"
                    WC="0.9794126391410828"></String>
          </TextLine>
          <TextLine ID="eSc_line_2a9a5a02"
                    TAGREFS="LT8"
                    BASELINE="2370 3043 3904 3043" 
                    HPOS="2370"
                    VPOS="2893"
                    WIDTH="1534"
                    HEIGHT="232">
            <Shape><Polygon POINTS="2370 3043 2370 3103 2934 3089 2971 3098 3057 3121 3062 3121 3066 3121 3071 3121 3117 3098 3130 3089 3171 3094 3326 3121 3330 3125 3704 3125 3704 3121 3904 3084 3904 3043 3899 2893 2370 2902 2370 3043"/></Shape>
	    <String CONTENT="aussi cõme deluges. par"
                    HPOS="2370"
                    VPOS="2893"
                    WIDTH="1534"
                    HEIGHT="232"
                    WC="0.9761496360103289"></String>
          </TextLine>
          <TextLine ID="eSc_line_01ce561e"
                    TAGREFS="LT8"
                    BASELINE="2375 3244 3995 3244" 
                    HPOS="2375"
                    VPOS="3089"
                    WIDTH="1620"
                    HEIGHT="259">
            <Shape><Polygon POINTS="2375 3244 2375 3321 2975 3294 3035 3335 3048 3344 3053 3344 3057 3344 3062 3348 3362 3348 3362 3344 3367 3344 3385 3339 3499 3298 3576 3339 3581 3339 3776 3344 3781 3344 3785 3344 3790 3344 3835 3316 3858 3339 3858 3344 3863 3344 3867 3344 3872 3348 3995 3348 3995 3244 3995 3116 3494 3089 3490 3089 3485 3089 3481 3089 3458 3107 3440 3116 2807 3116 2757 3094 2743 3089 2739 3089 2734 3089 2707 3094 2593 3112 2375 3089 2375 3244"/></Shape>
	    <String CONTENT="les quiex meint sont peril-"
                    HPOS="2375"
                    VPOS="3089"
                    WIDTH="1620"
                    HEIGHT="259"></String>
          </TextLine>
          <TextLine ID="eSc_line_da51f583"
                    TAGREFS="LT8"
                    BASELINE="2375 3435 3931 3448" 
                    HPOS="2370"
                    VPOS="3307"
                    WIDTH="1561"
                    HEIGHT="228">
            <Shape><Polygon POINTS="2375 3435 2370 3517 2543 3494 2784 3494 2857 3521 2871 3526 2875 3526 2880 3526 2884 3526 2898 3521 2966 3498 3076 3498 3098 3521 3107 3526 3107 3530 3112 3530 3117 3530 3121 3530 3126 3530 3148 3521 3203 3498 3226 3521 3235 3526 3235 3530 3239 3530 3244 3530 3517 3535 3521 3535 3526 3535 3531 3535 3549 3521 3567 3503 3635 3521 3694 3535 3699 3535 3704 3535 3926 3517 3931 3448 3926 3321 2375 3307 2375 3435"/></Shape>
	    <String CONTENT="lie. Ler par uenz tres uio-"
                    HPOS="2370"
                    VPOS="3307"
                    WIDTH="1561"
                    HEIGHT="228"></String>
          </TextLine>
          <TextLine ID="eSc_line_59f130cc"
                    TAGREFS="LT8"
                    BASELINE="2375 3635 3967 3644" 
                    HPOS="2370"
                    VPOS="3498"
                    WIDTH="1597"
                    HEIGHT="237">
            <Shape><Polygon POINTS="2375 3635 2370 3690 2552 3690 2561 3690 2625 3726 2630 3726 2634 3726 2639 3726 2643 3726 2684 3690 2689 3690 2912 3690 2916 3690 2948 3721 2948 3726 2953 3726 2957 3726 3171 3731 3176 3731 3180 3731 3185 3731 3226 3699 3271 3731 3276 3731 3280 3731 3285 3731 3517 3694 3585 3731 3590 3731 3594 3735 3886 3735 3886 3731 3890 3731 3963 3690 3967 3644 3958 3498 2375 3498 2375 3635"/></Shape>
	    <String CONTENT="lens et tounoirres espoen-"
                    HPOS="2370"
                    VPOS="3498"
                    WIDTH="1597"
                    HEIGHT="237"></String>
          </TextLine>
          <TextLine ID="eSc_line_cb619dae"
                    TAGREFS="LT8"
                    BASELINE="2379 3831 3972 3853" 
                    HPOS="2375"
                    VPOS="3676"
                    WIDTH="1597"
                    HEIGHT="259">
            <Shape><Polygon POINTS="2379 3831 2375 3903 3007 3894 3035 3908 3053 3922 3057 3922 3062 3922 3312 3926 3317 3926 3567 3908 3617 3903 3649 3903 3886 3935 3890 3935 3895 3935 3967 3903 3972 3853 3967 3708 3785 3717 3767 3703 3758 3694 3754 3694 3749 3694 3744 3694 3740 3694 3704 3703 3658 3717 3594 3703 3526 3690 3521 3690 3517 3690 3471 3703 3444 3712 3435 3703 3421 3694 3421 3690 3417 3690 3412 3690 3194 3685 3189 3685 3076 3699 3016 3708 2930 3699 2748 3680 2743 3680 2739 3680 2734 3680 2707 3699 2698 3703 2666 3699 2543 3676 2539 3676 2379 3694 2379 3831"/></Shape>
	    <String CONTENT="tanz le feu esparz fondres"
                    HPOS="2375"
                    VPOS="3676"
                    WIDTH="1597"
                    HEIGHT="259"
                    WC="0.992223343023887"></String>
          </TextLine>
          <TextLine ID="eSc_line_1fb81895"
                    TAGREFS="LT8"
                    BASELINE="2370 4044 3986 4049" 
                    HPOS="2366"
                    VPOS="3890"
                    WIDTH="1620"
                    HEIGHT="195">
            <Shape><Polygon POINTS="2370 4044 2366 4076 3977 4085 3986 4049 3981 3922 3667 3922 3667 3917 3603 3890 3599 3890 3594 3890 3435 3917 3430 3917 3367 3890 3362 3890 3358 3890 3353 3890 3262 3917 3258 3917 3180 3890 3176 3890 3171 3890 2766 3917 2725 3917 2702 3917 2498 3890 2493 3890 2370 3913 2370 4044"/></Shape>
	    <String CONTENT="et autres espoentables im-"
                    HPOS="2366"
                    VPOS="3890"
                    WIDTH="1620"
                    HEIGHT="195"></String>
          </TextLine>
          <TextLine ID="eSc_line_368ac487"
                    TAGREFS="LT8"
                    BASELINE="2370 4254 4013 4245" 
                    HPOS="2366"
                    VPOS="4063"
                    WIDTH="1647"
                    HEIGHT="282">
            <Shape><Polygon POINTS="2370 4254 2370 4345 2593 4345 2593 4340 2598 4340 2602 4340 2607 4336 2643 4313 2693 4331 2716 4340 2721 4340 2725 4345 3189 4345 3189 4340 3390 4331 3394 4331 3399 4331 3426 4308 3444 4295 4013 4290 4013 4245 3999 4099 3635 4108 3622 4104 3599 4085 3594 4085 3590 4085 3585 4085 3453 4104 3421 4108 3412 4104 3335 4063 3330 4063 3185 4063 3180 4063 2862 4067 2857 4067 2853 4067 2853 4072 2807 4113 2693 4076 2689 4076 2684 4076 2680 4076 2557 4108 2489 4081 2484 4081 2479 4081 2475 4081 2366 4117 2370 4254"/></Shape>
	    <String CONTENT="pressions. ¶Et ainsi toute"
                    HPOS="2366"
                    VPOS="4063"
                    WIDTH="1647"
                    HEIGHT="282"
                    WC="0.9843377058322613"></String>
          </TextLine>
          <TextLine ID="eSc_line_4f32d68b"
                    TAGREFS="LT8"
                    BASELINE="2370 4445 3963 4436" 
                    HPOS="2366"
                    VPOS="4299"
                    WIDTH="1597"
                    HEIGHT="187">
            <Shape><Polygon POINTS="2370 4445 2370 4486 3963 4486 3963 4436 3954 4304 2548 4299 2543 4299 2366 4322 2370 4445"/></Shape>
	    <String CONTENT="creature se combat contre"
                    HPOS="2366"
                    VPOS="4299"
                    WIDTH="1597"
                    HEIGHT="187"
                    WC="0.9847395181655884"></String>
          </TextLine>
          <TextLine ID="eSc_line_c7226993"
                    TAGREFS="LT8"
                    BASELINE="2370 4636 3926 4650" 
                    HPOS="2366"
                    VPOS="4495"
                    WIDTH="1560"
                    HEIGHT="246">
            <Shape><Polygon POINTS="2370 4636 2366 4686 2539 4732 2543 4736 2812 4736 2812 4732 2816 4732 2934 4700 2994 4736 2998 4736 3003 4736 3007 4736 3540 4704 3653 4741 3658 4741 3663 4741 3667 4741 3672 4741 3731 4704 3922 4704 3926 4650 3917 4504 3781 4522 3694 4499 3685 4499 3681 4499 3676 4499 3672 4499 3667 4499 3667 4504 3644 4522 3590 4499 3581 4499 3576 4499 3572 4499 3567 4499 3562 4499 3503 4522 3430 4499 3408 4495 3403 4495 3399 4495 3358 4499 3258 4518 2370 4499 2370 4636"/></Shape>
	    <String CONTENT="les pecheeurs quar pour"
                    HPOS="2366"
                    VPOS="4495"
                    WIDTH="1560"
                    HEIGHT="246"
                    WC="0.9759100338687068"></String>
          </TextLine>
          <TextLine ID="eSc_line_4d067ac3"
                    TAGREFS="LT8"
                    BASELINE="2366 4841 3949 4850" 
                    HPOS="2361"
                    VPOS="4704"
                    WIDTH="1588"
                    HEIGHT="219">
            <Shape><Polygon POINTS="2366 4841 2361 4891 2407 4918 2411 4918 2416 4918 2420 4918 2525 4895 2548 4914 2548 4918 2552 4918 2557 4918 2561 4923 2775 4923 2775 4918 2780 4918 2784 4918 2784 4914 2807 4891 2866 4918 2871 4918 2875 4923 3094 4923 3094 4918 3098 4918 3103 4918 3130 4895 3135 4891 3157 4895 3262 4914 3267 4914 3945 4904 3949 4850 3940 4704 2366 4713 2366 4841"/></Shape>
	    <String CONTENT="ce que nous abusons de"
                    HPOS="2361"
                    VPOS="4704"
                    WIDTH="1588"
                    HEIGHT="219"></String>
          </TextLine>
          <TextLine ID="eSc_line_41b2c921"
                    TAGREFS="LT8"
                    BASELINE="2370 5036 3972 5050" 
                    HPOS="2366"
                    VPOS="4886"
                    WIDTH="1606"
                    HEIGHT="255">
            <Shape><Polygon POINTS="2370 5036 2366 5118 2634 5127 2639 5127 2643 5127 2666 5118 2716 5091 2898 5091 3130 5091 3162 5109 3212 5132 3217 5132 3221 5132 3440 5105 3494 5100 3512 5105 3603 5136 3608 5136 3613 5141 3831 5141 3831 5136 3835 5136 3840 5136 3890 5100 3967 5100 3972 5050 3958 4900 3886 4923 3535 4900 3531 4900 3526 4900 3440 4923 3044 4895 3039 4895 2748 4914 2657 4891 2652 4891 2648 4891 2507 4914 2370 4886 2370 5036"/></Shape>
	    <String CONTENT="toute creature par le iuge-"
                    HPOS="2366"
                    VPOS="4886"
                    WIDTH="1606"
                    HEIGHT="255"></String>
          </TextLine>
          <TextLine ID="eSc_line_9707023f"
                    TAGREFS="LT8"
                    BASELINE="2361 5237 4013 5250" 
                    HPOS="2357"
                    VPOS="5086"
                    WIDTH="1656"
                    HEIGHT="251">
            <Shape><Polygon POINTS="2361 5237 2357 5309 3490 5337 3494 5337 3499 5337 3558 5305 3567 5305 4008 5305 4013 5250 4013 5123 3239 5118 3235 5114 3162 5091 3157 5091 3153 5091 2757 5109 2734 5109 2684 5086 2680 5086 2675 5086 2671 5086 2625 5109 2361 5109 2361 5237"/></Shape>
	    <String CONTENT="ment iuste du createur no̾"
                    HPOS="2357"
                    VPOS="5086"
                    WIDTH="1656"
                    HEIGHT="251"></String>
          </TextLine>
          <TextLine ID="eSc_line_45862c94"
                    TAGREFS="LT8"
                    BASELINE="2361 5432 3899 5441" 
                    HPOS="2357"
                    VPOS="5282"
                    WIDTH="1542"
                    HEIGHT="237">
            <Shape><Polygon POINTS="2361 5432 2357 5473 2461 5514 2466 5514 2470 5514 2825 5482 2898 5514 2903 5514 2907 5514 3203 5487 3326 5519 3330 5519 3335 5519 3339 5519 3344 5519 3390 5487 3631 5519 3635 5519 3895 5482 3899 5441 3890 5291 3171 5309 3117 5287 3112 5287 3107 5287 2634 5305 2361 5282 2361 5432"/></Shape>
	    <String CONTENT="sõmes contreint a sentir"
                    HPOS="2357"
                    VPOS="5282"
                    WIDTH="1542"
                    HEIGHT="237"
                    WC="0.9825709009170532"></String>
          </TextLine>
          <TextLine ID="eSc_line_3cd90e9c"
                    TAGREFS="LT8"
                    BASELINE="2352 5632 3986 5646" 
                    HPOS="2347"
                    VPOS="5478"
                    WIDTH="1639"
                    HEIGHT="250">
            <Shape><Polygon POINTS="2352 5632 2347 5682 2429 5719 2434 5719 2439 5719 2962 5696 3271 5687 3977 5728 3986 5646 3981 5523 3685 5487 3681 5487 3676 5487 3594 5514 3585 5514 3562 5514 3308 5482 3130 5482 3126 5482 3121 5482 3117 5482 3085 5505 3076 5510 3030 5500 2884 5478 2880 5478 2352 5487 2352 5632"/></Shape>
	    <String CONTENT="la uengence de dieu. La q̃-"
                    HPOS="2347"
                    VPOS="5478"
                    WIDTH="1639"
                    HEIGHT="250"></String>
          </TextLine>
          <TextLine ID="eSc_line_831612ed"
                    TAGREFS="LT8"
                    BASELINE="2378 5890 2455 5890 2670 5890 2823 5890 2874 5890 2937 5928 2988 5928 3166 5928 3268 5941 3560 5941 3788 5941 3877 5941 3890 5928" 
                    HPOS="2369"
                    VPOS="5657"
                    WIDTH="1516"
                    HEIGHT="417">
            <Shape><Polygon POINTS="2369 6040 2792 6060 2799 6060 2806 6060 2813 6060 2820 6053 2902 5978 3086 6033 3093 6033 3100 6033 3106 6033 3113 6033 3188 5978 3380 5978 3871 6074 3885 5924 3864 5712 3386 5671 3380 5671 3018 5678 2478 5692 2383 5657 2376 5889 2369 6040"/></Shape>
	    <String CONTENT="le nous auons desseruie"
                    HPOS="2369"
                    VPOS="5657"
                    WIDTH="1516"
                    HEIGHT="417"></String>
          </TextLine>
        </TextBlock>
        <TextBlock HPOS="4414"
                   VPOS="165"
                   WIDTH="823"
                   HEIGHT="233"
                   ID="eSc_textblock_d59093af"
                   TAGREFS="BT15">
          <Shape><Polygon POINTS="4414 165 4414 398 5237 398 5237 165 4833 165"/></Shape>
          <TextLine ID="eSc_line_77d787b9"
                    TAGREFS="LT8"
                    BASELINE="4473 318 5100 318" 
                    HPOS="4473"
                    VPOS="177"
                    WIDTH="627"
                    HEIGHT="196">
            <Shape><Polygon POINTS="5078 232 5000 232 4941 177 4937 177 4932 177 4668 177 4664 177 4659 177 4495 222 4473 304 4473 318 4473 373 5100 364 5100 318 5096 295 5078 232"/></Shape>
	    <String CONTENT=".xiiii."
                    HPOS="4473"
                    VPOS="177"
                    WIDTH="627"
                    HEIGHT="196"></String>
          </TextLine>
        </TextBlock>
        <TextBlock HPOS="79"
                   VPOS="4175"
                   WIDTH="305"
                   HEIGHT="330"
                   ID="eSc_textblock_6bd60a3d"
                   TAGREFS="BT13">
          <Shape><Polygon POINTS="79 4175 79 4505 384 4505 384 4175"/></Shape>
        </TextBlock>
      </PrintSpace>
    </Page>
  </Layout>
</alto>
