5350 8226
3017 479 412 252 enfer

1486 1041 1646 266 au deable. et a ses anges.

1476 1252 1651 260 Et dit proprement dauid le

1490 1480 1628 224 prophete. que il seront mis

1486 1686 1664 237 en miseres Il ne dit pas en-

1490 1878 1601 251 misere mes en miseres qͣr

1504 2074 1669 233 il auront miseres que nũs

1490 2275 1665 252 ne porra nombrer penser ne

1490 2486 1610 219 raconter. ¶Mes cest grãt

1495 2673 1559 233 merueille que le prophete

1490 2874 1628 242 dit que en ces miseres il ne

1486 3093 1595 238 se pueent soustenir quar

1481 3290 1678 238 selonc la uerite les dampnez

1490 3477 1605 256 pardurablement uiuront

1490 3674 1642 224 et le tourment denfer soffre-

1495 3861 1628 256 ront et soutendront. ¶A ce

1499 4094 1642 242 en respont que a la uerite la

1495 4282 1564 228 ioustice de dieu requiert q̃

1499 4506 1564 228 touz iours a souffrir tor-

1495 4711 1591 215 ment soient garde et senz

1499 4889 1592 192 fin soient tormente. et nõ

1490 5081 1678 243 pour quant pour la griefte

1499 5269 1692 265 de peĩnes il seront si affeibli

1518 5479 1733 247 que il semble que touz iourᷤ

1495 5675 1760 293 doient deffaillir leur uie dõc.

3443 1041 1532 261 nest autre chose que leur

3456 1247 1541 233 mort et toute uoie morir

3452 1466 1587 234 ne pueent. a ceste fin que

3447 1677 1582 224 leur iniquite soit senz fin

3456 1832 1624 293 punie. ¶Or considere donc

3452 2097 1660 224 tu qui es en grant seignorie.

3452 2271 1619 237 cõment cest chose horrible ⁊

3456 2495 1619 210 mont a redoubter cheoir en

3456 2650 1551 201 tel misere. la quele en ne

3452 2842 1655 261 puet souffrir et nõ pourqͣnt

3456 3061 1605 224 il la couuient touz iours

3447 3244 1601 256 durer senz faillir. ¶De la

3456 3496 1555 205 quele prioit estre deliurez

3456 3651 1569 279 iob. qui disoit. Dimitte

3452 3879 1582 234 me ut plangam paululũ

3443 4076 1591 256 dolorem meum. Et sensuit

3301 4268 1824 279 Terram miserie et tenebra-

3470 4510 1646 229 rum. Il uueut dire douz diex

3466 4697 1605 234 dõne moy espace de mes pe-

3466 4880 1591 247 chiez gemir et plorer auãt

3466 5100 1650 219 que il me couueigne tel me-

3461 5287 1582 233 chief endurer en la terre de

3438 5479 1482 260 misere et de tenebres.

3415 5694 1541 283 Le .vii. chapitre
