5337 8248
3026 444 990 293 Royal dignite

1494 1053 1678 239 Sire dit il le pueple hum-

1517 1255 1614 197 ble tu sauueras. Et ce noꝰ

1508 1470 1628 225 otroit ihesucrist qui uit et

1517 1663 1669 243 regne pardurablement. am̃.

1508 1842 1651 265 La seconde cõclusiõ de la p̃-

1526 2080 1568 229 miere ꝑtie est q̃ royne se

1522 2291 1563 224 doit auisier pour cause

1490 2488 1682 178 de ꝓmocion de sa fortune

1934 2657 1234 234 Ueu et considere com-

1957 2873 1114 256 ment sage dame

1577 3079 1577 256 doit regarder quele elle est

1526 3308 1623 201 quant a la condicion de sa

1526 3487 1587 197 nature. meintenant est a

1526 3693 1587 229 considerer quele est quant

1526 3908 1633 197 a la promocion de sa fortu-

1531 4082 1646 252 ne. la quele est dignite roy-

1531 4284 1637 256 al. De la quele bien garder

1531 4490 1605 248 elle se doit sagement pour

1540 4705 1554 234 uoaier et auisier quelle

1485 4907 1605 215 soit digne de tel dignete.

1508 5086 1646 261 ¶Quar royne doit auãt

1526 5287 1651 229 estre digne de royal digne-

1531 5503 1660 220 te que elle soit mise en tel

1531 5681 1710 312 dignete. Ou a tout le meins

3484 1031 1532 238 puis que eile est mise et

3489 1246 1517 224 esleuee en tel dignete elle

3484 1452 1564 248 doit soigneusement pour-

3484 1658 1541 252 chacier que digne soit da-

3493 1860 1605 224 uoir royal dignete. a ceste

3493 2062 1545 242 fin quele face a son estat

3493 2263 1619 248 honeur. et nõ pas lestat a li.

3493 2456 1527 224 quar autrement ce seroit

3502 2662 1596 247 metre la charue deuant les

3502 2877 1518 238 bues. Et ne seroit digne

3498 3051 1618 248 destre loee prisiee et honoree.

3516 3271 1600 248 mes deuroit estre deshonoree

3507 3487 1577 233 uituperee et reprouee quar

3502 3670 1605 243 de royal dignete ele aquer-

3512 3839 1600 289 roit son dampnement. ¶Et

3502 4069 1591 215 doit mont considerer ⁊ peser

3507 4270 1559 234 cele qui royne est nõmee

3512 4481 1536 220 que ele na mie seulement

3521 4701 1527 234 ne ne doit auoir le non de

3516 4898 1541 192 royne. Mes doit auoir la

3521 5077 1577 215 realite la uerite et existence.

3525 5260 1701 275 cest a dire quele soit ueraiemẽt

3512 5462 1554 219 mement royne et nõ pas

3512 5668 1595 320 apelee royne tant seulem̃t

683 2639 642 293 pͥmier chap̾
