5242 8214
2912.0 410.0 1439.0 336.0 de quoy hõme est ꝯceuz

1445.0 1129.0 1576.0 219.0 forme dordure et de boe et

1438.0 1293.0 1597.0 274.0 a la fin tu me ramenras

1445.0 1519.0 1378.0 260.0 en poudre et en cendre.

1438.0 1683.0 1570.0 302.0 ¶Et ainsi apert euidẽmẽt

1432.0 1930.0 1535.0 253.0 la uil matiere de nostre

1452.0 2142.0 1528.0 253.0 premiere formacion. qui

1438.0 2327.0 1556.0 246.0 nous aprent a nous hu

1438.0 2546.0 494.0 198.0 milier .

1911.0 2669.0 1124.0 281.0 Secondement. consi-

1911.0 2922.0 1076.0 260.0 derons la matiere

1418.0 3107.0 1603.0 294.0 de nostre concepcion et la

1438.0 3354.0 1570.0 239.0 matiere de la quele nous

1445.0 3511.0 1611.0 274.0 sõmes norri auant nostre

1445.0 3744.0 1576.0 226.0 natiuite. Et adonc troue-

1459.0 3935.0 1610.0 247.0 rons en nous plus grant

1445.0 4141.0 1542.0 253.0 uilte et ordure. Quar la

1459.0 4326.0 1576.0 280.0 matiere donc nous sõmes

1459.0 4545.0 1514.0 267.0 tuit conceu et norri sens

1466.0 4764.0 1603.0 246.0 exception. quar nuls non

1459.0 4948.0 1487.0 233.0 est franchiz ne exceptez.

1459.0 5147.0 1645.0 267.0 tant soit riches ne nobles.

1452.0 5339.0 1604.0 239.0 Celle matiere donc est tres

1466.0 5537.0 1610.0 267.0 puant horde et abhomina-

1473.0 5715.0 1548.0 308.0 ble. Selonc ce que disoit

3364.0 992.0 1651.0 363.0 Iob ou .xiiͤi. chapitre. Qui̾

3419.0 1273.0 1521.0 273.0 potest facere mundum de

3412.0 1485.0 1562.0 287.0 ĩmundo conceptũ semine.

3419.0 1711.0 1548.0 232.0 Cest a dire que nous qui

3419.0 1896.0 1514.0 253.0 sõmes hort de nostre con-

3419.0 2115.0 1576.0 267.0 ception. ne poons estre ne-

3412.0 2293.0 1535.0 267.0 stoie. se ce nest seulement

3426.0 2484.0 1521.0 288.0 par la grace de dieu. ¶En-

3426.0 2717.0 1562.0 246.0 ten diligẽment. et pense la

3419.0 2909.0 1562.0 246.0 tres grant uilte de la ma-

3419.0 3100.0 1480.0 260.0 tiere donc tu es conceuz.

3426.0 3299.0 1562.0 267.0 Quar lame de toy qui est

3432.0 3518.0 1515.0 246.0 pour cause de sa creacion

3432.0 3716.0 1467.0 254.0 tant digne tant noble

3426.0 3894.0 1541.0 254.0 tant bele et tant pure cõ-

3432.0 4107.0 1508.0 239.0 me celle qui est formee a

3426.0 4284.0 1535.0 295.0 lymage de dieu Si tost q̃

3439.0 4524.0 1563.0 267.0 elle est iointe au corps for-

3439.0 4729.0 1453.0 240.0 me et conceu de ceste uil

3432.0 4887.0 1583.0 287.0 matiere. elle prant ⁊ recept

3439.0 5133.0 1542.0 247.0 en soy la leideur lordure ⁊

3432.0 5318.0 1590.0 274.0 la pueur de pechie originel.

3432.0 5482.0 1570.0 281.0 par le quel elle est priuee de

3453.0 5715.0 1480.0 322.0 la uision de dieu ꝑdura-
