5246 8213
2931.0 438.0 1150.0 266.0 humãine natiuite

1445.0 1101.0 1609.0 274.0 mes ne. nous cõmenson̾

1451.0 1293.0 1603.0 274.0 a gemir et a plorer. en mõ-

1451.0 1519.0 1576.0 253.0 trant le mechief et la mi-

1451.0 1717.0 1589.0 267.0 sere qui nous est a aue-

1451.0 1936.0 1534.0 247.0 nir. Et pour ce dit saint

1451.0 2087.0 1617.0 294.0 augustin q̃ le cõmencem̃t

1458.0 2306.0 1610.0 287.0 des enfanz. est plorer. ne ne

1472.0 2525.0 1561.0 260.0 puet estre que il rie ou fa-

1465.0 2737.0 1568.0 233.0 ce ioie pour le temps que

1465.0 2922.0 1616.0 260.0 il est nez. Mes plore et crie

1458.0 3107.0 1507.0 280.0 tout ainsi cõme il feust

1479.0 3312.0 1609.0 288.0 prophetes de la doleur que

1465.0 3545.0 1603.0 260.0 il doit apres endurer ⁊ sou-

1472.0 3730.0 1664.0 280.0 frir. Et ce est une merueille.

1472.0 3955.0 1650.0 226.0 quant senz parler il prophe-

1472.0 4127.0 1650.0 287.0 cie ¶Et de ceste misere nũs

1472.0 4346.0 1637.0 266.0 tant soit riche tant soit gͣns

1479.0 4537.0 1616.0 253.0 tant soit noble. ne se puet

1486.0 4736.0 1575.0 287.0 franchir ne excepter. ¶Et

1486.0 4948.0 1589.0 260.0 pour tant le roy salomõ

1486.0 5139.0 1561.0 267.0 combien que il feust tres

1486.0 5338.0 1575.0 239.0 riche tres puissenz et no-

1492.0 5557.0 1541.0 240.0 bles. qui bien sauoit la

1492.0 5735.0 1576.0 369.0 uerte de nostre cõmune

3403.0 1067.0 1589.0 274.0 natiuite disoit de soy meis-

3424.0 1320.0 1513.0 247.0 mes ou liure de sapience.

3383.0 1498.0 1575.0 260.0 Iay dit il mis hors en plo-

3431.0 1717.0 1561.0 254.0 rant la uoiz semblant au̾

3437.0 1895.0 1473.0 274.0 autres. qui est la uoiz de

3444.0 2108.0 1473.0 273.0 lermes. Et rent tantost

3437.0 2313.0 1480.0 260.0 la cause quar selonc ce q̃

3437.0 2525.0 1487.0 253.0 il dit. Onques nũs Roy

3451.0 2723.0 1479.0 254.0 not autre cõmencement

3437.0 2908.0 1507.0 295.0 de natiuite. ¶Et certeĩne-

3437.0 3148.0 1548.0 253.0 ment cest tres grant mise-

3458.0 3346.0 1507.0 254.0 re. que de nostre natiuite

3444.0 3545.0 1569.0 246.0 quar nous naissons touz

3444.0 3743.0 1514.0 247.0 senz science senz parole et

3444.0 3949.0 1514.0 246.0 senz langage. Senz nule

3451.0 4147.0 1473.0 253.0 uertu. senz robes et sens

3465.0 4359.0 650.0 253.0 couerture.

5006.0 1368.0 171.0 213.0 .c.ix.
