5422 8202
321.0 1722.0 1593.0 246.0 ¶Or pense donc prince et

389.0 1879.0 1511.0 267.0 princesse. Roy et royne

389.0 2077.0 1600.0 267.0 la maniere et la conditiõ

382.0 2310.0 1580.0 232.0 de ta natiuite. quar tu en-

396.0 2501.0 1525.0 253.0 trez en ce monde dolenz et

396.0 2686.0 1579.0 259.0 trites. poure̾. feibles et nõ

396.0 2891.0 1545.0 266.0 sachens. et a mont petite

396.0 3103.0 1566.0 246.0 difference entre toy et les

396.0 3294.0 1579.0 280.0 bestes mues. Mes quant

403.0 3513.0 1552.0 239.0 a aucunes nous auons

396.0 3718.0 1525.0 246.0 meins que les bestes. Les

376.0 3895.0 1606.0 281.0 bestes. si tost que nees sõt

403.0 4121.0 1559.0 260.0 peuent corir et aler. hõme

396.0 4319.0 1634.0 239.0 et fẽme mouoir ne se puet

396.0 4531.0 1538.0 253.0 ne de ses piez aler nes a

389.0 4722.0 1552.0 240.0 layde de ses mains ne se

396.0 4907.0 1518.0 260.0 puet il mouuoir en soy

389.0 5105.0 1525.0 260.0 traynant seur terre si cõ-

376.0 5303.0 1545.0 233.0 me font aucunes bestes.

355.0 5474.0 1614.0 322.0 ¶Et ueons aucunes foiz

382.0 5714.0 1593.0 341.0 qui est greigneur mechief

1873.0 341.0 1183.0 369.0 natiuite humaĩne

2345.0 1079.0 1559.0 233.0 et misere aucuns naistre.

2352.0 1278.0 1511.0 253.0 en tres grant deformite

2345.0 1490.0 1586.0 225.0 et tres honteuse au quiex

2345.0 1660.0 1565.0 233.0 il eust miex este pͬueu. sil

2352.0 1865.0 1552.0 281.0 neussent onques este des

2345.0 2077.0 1682.0 281.0 hõmes ueu. quar aussi q̃ se

2352.0 2289.0 1558.0 253.0 il feussent montre a grãt

2379 2481 1593 253 deshoneur en les montre.

2338.0 2672.0 1586.0 294.0 ¶Pluseurs en y a. qͥ ont

2338.0 2898.0 1518.0 239.0 defaut de leur sens. et de

2345.0 3123.0 1689.0 239.0 leur membres et mont dau-

2358.0 3321.0 1532.0 246.0 tres deformitez en grant

2352.0 3499.0 1593.0 260.0 honte et reproche tristece ⁊

2352.0 3711.0 1558.0 253.0 doleur de leur amis et lig-

2352.0 3895.0 1579.0 288.0 nage. ¶Et pour ce que dit

2352.0 4121.0 1668.0 226.0 est. que nous naissons senz

2324.0 4319.0 1532.0 246.0 uesteure. pour ce dit Iob.

4040.0 4531.0 294.0 226.0 .c.i.

2344.0 4474.0 1642.0 310.0 Nudus egressus sum ex

2365.0 4736.0 1580.0 246.0 utero matris mee. ⁊ c̃. Cest

2324.0 4928.0 1552.0 246.0 a dire. Ie suis issus touz

2358.0 5126.0 1539.0 246.0 nuz du uentre ma mere

2358.0 5338.0 1600.0 246.0 et touz nuz me couuient

2358.0 5536.0 1505.0 225.0 retorner. Et senz doubte

2358.0 5714.0 1580.0 369.0 nous naissons nuz cor-

3377.0 348.0 479.0 349.0 .uii.
