5374 8179
1698.0 456.0 866.0 327.0 Soy meimes

395.0 1036.0 1664.0 306.0 stenir. Donc ce que tu edi-

402.0 1267.0 1480.0 266.0 fieras senz auoir de toy

395.0 1458.0 1575.0 293.0 cognoissence sera semblãt

395.0 1676.0 1541.0 273.0 a la poudre qui est portee

402.0 1915.0 1568.0 231.0 au uent. ¶Et doiz sauoir

395.0 2092.0 1494.0 259.0 que ꝑsonne qui ne cog-

388.0 2310.0 1535.0 239.0 noist soy et son estat res-

395.0 2474.0 1541.0 272.0 semble les bestes mues qͥ

388.0 2664.0 1651.0 273.0 nont sens. raison ne enten

375.0 2889.0 1623.0 246.0 dement. De quoy parle le

388.0 3094.0 1542.0 245.0 roy dauid en son psau-

388.0 3292.0 1596.0 265.0 tier. qui dit en tel manie-

375.0 3496.0 1636.0 273.0 re. Homo cum in honore

388.0 3714.0 1617.0 252.0 esset non intellexit. ⁊ c̾. Cest

381.0 3905.0 1624.0 232.0 a dire que ꝑsonne cõbien

395.0 4123.0 1582.0 211.0 quelle soit en grant estat

395.0 4287.0 1596.0 245.0 et en grant dignete. se elle

259.0 4505.0 1752.0 245.0 ne se cognoist et en tant. res-

375.0 4716.0 1500.0 259.0 semble les bestes mues

388.0 4893.0 1623.0 266.0 qui nont ne sens ne sapi-

395.0 5125.0 1555.0 239.0 ence. Et ce li auient pour

395.0 5309.0 1548.0 259.0 ce que il a. deffaut de cog-

381.0 5486.0 1610.0 252.0 noissence si cõme dist est.

484.0 5691.0 1555.0 320.0 ¶Et combien que sauoir

2359.0 1090.0 1596.0 259.0 soy cognoistre soit en tou-

2346.0 1295.0 1629.0 252.0 tes ꝑsonnes requis: toute

2346.0 1506.0 1520.0 225.0 uoie plus en princes et

2346.0 1697.0 1623.0 259.0 princesses. Quar le prince

2346.0 1901.0 1657.0 259.0 est chief de touz ses soubgi-

2346.0 2119.0 1670.0 252.0 ez Selonc ce que tesmoigne

2332.0 2310.0 1637.0 232.0 Hugues de Saint uictoir

2352.0 2515.0 1630.0 238.0 ou liure des sacremenz. ter-

2352.0 2705.0 1562.0 266.0 riẽne puissence dit il a le

2352.0 2876.0 1685.0 306.0 Roy pour chief. Et la puis-

2346.0 3108.0 1698.0 238.0 sence esperituele. a pour chief

2359.0 3312.0 1589.0 273.0 le pape. ¶Or est il ainsi q̃

2352.0 3523.0 1623.0 252.0 les yex sont naturelment

2352.0 3700.0 1610.0 273.0 assis en la partie souuereĩ-

2352.0 3919.0 1576.0 238.0 ne qui est le chief. par les

2352.0 4109.0 1603.0 259.0 les quiex est entendue cog-

2318.0 4321.0 1746.0 238.0 noissence. pour quoy il sen-

2352.0 4518.0 1664.0 259.0 suit que en prince doit estre

2366.0 4709.0 1541.0 266.0 plus clere cognoissence q̃

2352.0 4907.0 1589.0 245.0 es soubgiez. Et seroit cho-

2352.0 5091.0 1842.0 266.0 se monstrueuse ⁊ ꝯtͤ nateͬ q̃ les

2352.0 5309.0 1542.0 259.0 yex ne feusent pas mis

2352.0 5493.0 1630.0 259.0 ne assis en leur chief. Aus-

2352.0 5711.0 1671.0 361.0 ci ce est chyse mont desaue-

3075.0 456.0 532.0 327.0 .iiii.

4453.0 2290.0 634.0 354.0 Hugues.
