5374 8202
376.0 1018.0 1620.0 314.0 en son psautier dit. passer

403.0 1257.0 1627.0 294.0 inuenit sibi domum et tur-

410.0 1496.0 1559.0 246.0 tur nidum. Se il est donc

410.0 1674.0 1531.0 260.0 ainsi que les creatures qͥ

403.0 1886.0 1552.0 212.0 sont senz entendement et

417.0 2077.0 1572.0 260.0 senz raison. quierent et edi-

403.0 2289.0 1566.0 239.0 fient a si grant diligence

403.0 2481.0 1525.0 266.0 le lieu de leur repos; par

403.0 2686.0 1545.0 232.0 plus fort raison. hõme et

396.0 2898.0 1538.0 205.0 fẽme creatures raisonna-

417.0 3075.0 1504.0 246.0 bles dignement faites

382.0 3301.0 1614.0 239.0 crees et formees a lymage

410.0 3506.0 1538.0 246.0 et a la semblence de la be-

410.0 3690.0 1565.0 233.0 noite trinite pour sa con-

396.0 3902.0 1532.0 219.0 seruacion paiz et repos se

389.0 4094.0 1586.0 246.0 doit porueoir. de maison

403.0 4285.0 1641.0 246.0 bonne seure et couuenable

417.0 4517.0 1552.0 219.0 pour y demorer et reposer.

232.0 4647.0 1757.0 335.0 ¶Et pour ce le saint esperit a

423.0 4907.0 1764.0 226.0 la loenge et cõmendacion

307.0 5112.0 1709.0 246.0 de sage dame et bien pour-

389.0 5303.0 1655.0 247.0 ueue dit la parole presente.

259.0 5433.0 1648.0 363.0 Mulier sapien̾ edificat

328.0 5707.0 1675.0 335.0 domum suam. Cest a dire

1873.0 375.0 677.0 315.0 De ce liure

2372.0 1093.0 1661.0 246.0 la sage dame edifie sa mas-

2372.0 1291.0 1600.0 240.0 son pour sauuer lame. Et

2372.0 1510.0 1593.0 219.0 en ceste parole toutes fem

2365.0 1688.0 1552.0 259.0 mes generaument et en

2351.0 1879.0 1539.0 287.0 especial toutes granz da

2358.0 2105.0 1552.0 232.0 mes. Et singulierement

2365.0 2303.0 1497.0 225.0 celle qui est Royne doit

2365.0 2508.0 1621.0 246.0 considerer quele elle est de sa

2365.0 2692.0 1511.0 260.0 propre condicion. Quar

2358.0 2891.0 1539.0 246.0 elle est fẽme. et ce emporte

2358.0 3089.0 1511.0 294.0 ce mot. Mulier. Quele

2351.0 3328.0 1566.0 233.0 elle doit estre par acquisici-

2351.0 3520.0 1573.0 252.0 on. quar elle doit aquerir

2358.0 3690.0 1621.0 294.0 sens et sapience. Sapien̾.

2351.0 3916.0 1546.0 232.0 Cõment elle se doit occuper

2358.0 4080.0 1593.0 267.0 en bonne oꝑacion quar elle

2317.0 4278.0 1559.0 233.0 doit edifier. sa meison.

2317.0 4483.0 1552.0 287.0 Edificat do.i. Et selonc

2351.0 4695.0 1607.0 274.0 ces .iii. choses. puet estre ce

2338.0 4914.0 1627.0 287.0 liure deuise en trois partie̾

2338.0 5139.0 745.0 219.0 principaus.

2789.0 5283.0 1067.0 287.0 La premiere partie

2789.0 5509.0 1210.0 266.0 contient .iii. conclu-

2304.0 5714.0 1613.0 362.0 sions ueritables en gen̾al

4642.0 143.0 369.0 253.0 .iii.
