5362 8238
1707 443 1186 257 Humaine misere

329 1052 1566 224 la uilte et de la misere de

334 1244 1625 238 condicion humeĩne quar

352 1473 1662 247 hõme et fẽme de uil matie-

338 1661 1557 233 re formez de plus uil est

343 1862 1630 238 conceuz Et de tres horde ou

119 2032 1872 297 corps de sa mere norriz. ¶Et aus

329 2265 1617 247 si apert nostre misere mõt

343 2475 1598 220 grant pour cause de nostre

343 2659 1580 247 natiuite. quar guief est la

334 2864 1648 238 misere naturele. plus gri-

334 3061 1630 252 ef la contemporele. Tres gri-

343 3272 1548 247 ef la misere de pechie que

352 3501 1493 192 nous disons cumenele.

261 3652 1598 261 ¶Et seur toutes les autres

334 3862 1589 238 souuerẽinement grief et a

348 4077 1575 215 redoubter la misere denfer

352 4279 1621 238 que seuffrent les dampnez.

352 4466 1630 266 la quele est perpetuele. Apres

348 4704 1520 206 toutes ces miseres a touz

343 4869 1658 220 cõmuneᷤ apert aucunes estre

352 5084 1594 234 propres a fẽmes Toutes les

348 5267 1547 243 queles choses diligẽment

348 5464 1620 215 pesees et considerees est tout

338 5661 1608 316 hõme contreint raisonna-

2284 1043 1603 215 blement soy humilier et de

2284 1244 1649 238 soy po sentir en cognoissent

2280 1450 1630 229 et recognoissent sa petitece.

2289 1656 1639 215 et que il est aussi cõme ne-

2289 1848 1630 266 ant. ¶ Et pour ce toute sa-

2284 2064 1681 256 ge dame queconqz eile soit

2289 2288 1667 224 doit considerer quel chose ele

2298 2480 1667 229 est quant a la condition de

2294 2672 1648 243 sa nature pour soy humi-

2294 2874 1611 238 lier. ¶ Et pour ce dit. Mi

2279 3034 1551 295 cheas le prophete. Humi

2289 3295 1525 183 liatio tua in medio tui.

2284 3482 1557 238 Aussi cõme se il uoussist

2289 3693 1616 229 dire en toy et de toy tu nas

2284 3899 1603 197 donc tu te doies esleuer ne

2289 4100 1648 220 orguillir. Ainz as matie-

2284 4288 1571 242 re de toy humilier quar

2284 4508 1640 201 humilite est ou milieu de

2294 4677 1616 261 toy. ¶ Et ce est la premiere

2289 4910 1612 215 conclusion de la premiere

2294 5080 1602 233 partie de ce liure qui nous

2289 5267 1635 261 aprent a humilier. ¶Da-

2284 5482 1621 247 uid dit ou psautier. Po-

2275 5688 1672 302 pulũ humilẽ saluũ fãcies.

4002 3061 474 295 .c.vi.

4469 151 501 315 .xx.
